day;timestamp;product;bid_price_1;bid_volume_1;bid_price_2;bid_volume_2;bid_price_3;bid_volume_3;ask_price_1;ask_volume_1;ask_price_2;ask_volume_2;ask_price_3;ask_volume_3;mid_price;profit_and_loss
-1;0;RAINFOREST_RESIN;10002;1;9996;2;9995;29;10004;2;10005;29;;;10003.0;0.0
-1;0;KELP;2028;1;2026;2;2025;29;2029;31;;;;;2028.5;0.0
-1;100;KELP;2025;24;;;;;2028;2;2029;22;;;2026.5;17.361328125
-1;100;RAINFOREST_RESIN;9996;2;9995;22;;;10004;2;10005;22;;;10000.0;5.0
-1;200;RAINFOREST_RESIN;9995;20;;;;;10005;20;;;;;10000.0;5.0
-1;200;KELP;2025;22;;;;;2028;20;;;;;2026.5;18.537109375
-1;300;KELP;2025;31;;;;;2028;2;2029;29;;;2026.5;17.2109375
-1;300;RAINFOREST_RESIN;9996;2;9995;29;;;10004;2;10005;29;;;10000.0;5.0
-1;400;RAINFOREST_RESIN;9996;2;9995;25;;;10004;2;10005;25;;;10000.0;5.0
-1;400;KELP;2025;27;;;;;2028;27;;;;;2026.5;19.609375
-1;500;KELP;2025;30;;;;;2028;30;;;;;2026.5;23.1875
-1;500;RAINFOREST_RESIN;9995;30;;;;;10002;4;10005;30;;;9998.5;5.0
-1;600;RAINFOREST_RESIN;10000;5;9995;25;;;10005;25;;;;;10002.5;5.0
-1;600;KELP;2026;5;2025;31;;;2028;25;;;;;2027.0;26.734375
-1;700;KELP;2025;2;2024;23;;;2028;23;;;;;2026.5;32.11328125
-1;700;RAINFOREST_RESIN;9995;23;;;;;10005;23;;;;;10000.0;5.0
-1;800;RAINFOREST_RESIN;9996;1;9995;29;;;10004;1;10005;29;;;10000.0;5.0
-1;800;KELP;2024;1;2023;29;;;2027;30;;;;;2025.5;41.849609375
-1;900;KELP;2024;23;;;;;2027;23;;;;;2025.5;34.443359375
-1;900;RAINFOREST_RESIN;9996;1;9995;22;;;10004;1;10005;22;;;10000.0;5.0
-1;1000;RAINFOREST_RESIN;9995;26;;;;;10005;26;;;;;10000.0;5.0
-1;1000;KELP;2024;26;;;;;2026;6;2027;26;;;2025.0;33.904296875
-1;1100;KELP;2025;6;2024;26;;;2027;2;2028;24;;;2026.0;31.341796875
-1;1100;RAINFOREST_RESIN;9996;2;9995;24;;;10004;2;10005;24;;;10000.0;5.0
-1;1200;RAINFOREST_RESIN;9995;21;;;;;9998;1;10005;21;;;9996.5;35.0
-1;1200;KELP;2024;21;;;;;2026;8;2028;21;;;2025.0;30.330078125
-1;1300;KELP;2024;31;;;;;2028;31;;;;;2026.0;30.0203857421875
-1;1300;RAINFOREST_RESIN;10002;1;9996;1;9995;30;10004;1;10005;30;;;10003.0;37.0
-1;1400;RAINFOREST_RESIN;9996;1;9995;25;;;10004;1;10005;25;;;10000.0;39.0
-1;1400;KELP;2025;3;2024;25;;;2028;26;;;;;2026.5;29.847900390625
-1;1500;KELP;2024;27;;;;;2028;27;;;;;2026.0;29.7958984375
-1;1500;RAINFOREST_RESIN;9995;27;;;;;10005;27;;;;;10000.0;39.0
-1;1600;RAINFOREST_RESIN;9995;29;;;;;10005;29;;;;;10000.0;39.0
-1;1600;KELP;2024;29;;;;;2026;4;2028;29;;;2025.0;29.8863525390625
-1;1700;KELP;2024;22;;;;;2026;8;2028;22;;;2025.0;30.0
-1;1700;RAINFOREST_RESIN;9996;2;9995;20;;;10002;1;10004;2;10005;20;9999.0;39.0
-1;1800;RAINFOREST_RESIN;10002;1;9996;1;9995;22;10004;1;10005;22;;;10003.0;39.0
-1;1800;KELP;2024;23;;;;;2028;23;;;;;2026.0;30.0
-1;1900;KELP;2024;29;;;;;2026;5;2027;29;;;2025.0;30.0
-1;1900;RAINFOREST_RESIN;9996;1;9995;28;;;10004;1;10005;28;;;10000.0;41.0
-1;2000;KELP;2024;26;;;;;2027;26;;;;;2025.5;30.0
-1;2000;RAINFOREST_RESIN;9996;2;9995;24;;;9998;1;10004;2;10005;24;9997.0;41.0
-1;2100;RAINFOREST_RESIN;9996;2;9995;25;;;10002;3;10004;2;10005;25;9999.0;43.0
-1;2100;KELP;2024;27;;;;;2027;2;2028;25;;;2025.5;30.0
-1;2200;RAINFOREST_RESIN;9998;8;9996;1;9995;24;10004;1;10005;24;;;10001.0;43.0
-1;2200;KELP;2024;25;;;;;2026;7;2027;1;2028;24;2025.0;30.0
-1;2300;KELP;2024;32;;;;;2028;32;;;;;2026.0;30.0
-1;2300;RAINFOREST_RESIN;9998;7;9996;2;9995;30;10004;2;10005;30;;;10001.0;43.0
-1;2400;KELP;2024;29;;;;;2025;1;2028;29;;;2024.5;30.0
-1;2400;RAINFOREST_RESIN;9995;29;;;;;10005;29;;;;;10000.0;43.0
-1;2500;RAINFOREST_RESIN;9996;1;9995;22;;;10004;1;10005;22;;;10000.0;43.0
-1;2500;KELP;2025;2;2024;23;;;2027;1;2028;22;;;2026.0;30.875244140625
-1;2600;RAINFOREST_RESIN;9995;23;;;;;10005;23;;;;;10000.0;43.0
-1;2600;KELP;2025;3;2024;23;;;2028;23;;;;;2026.5;30.8779296875
-1;2700;KELP;2024;26;;;;;2027;26;;;;;2025.5;30.747802734375
-1;2700;RAINFOREST_RESIN;9998;6;9995;26;;;10005;26;;;;;10001.5;43.0
-1;2800;KELP;2023;25;;;;;2027;25;;;;;2025.0;30.1107177734375
-1;2800;RAINFOREST_RESIN;9995;25;;;;;10005;25;;;;;10000.0;43.0
-1;2900;RAINFOREST_RESIN;9996;1;9995;25;;;10004;1;10005;25;;;10000.0;43.0
-1;2900;KELP;2023;26;;;;;2027;26;;;;;2025.0;29.989013671875
-1;3000;RAINFOREST_RESIN;9998;1;9995;26;;;10005;26;;;;;10001.5;79.0
-1;3000;KELP;2024;29;;;;;2027;26;;;;;2025.5;30.318115234375
-1;3100;KELP;2023;26;;;;;2025;5;2026;26;;;2024.0;31.0
-1;3100;RAINFOREST_RESIN;9996;2;9995;24;;;10004;2;10005;24;;;10000.0;82.0
-1;3200;KELP;2023;23;;;;;2025;3;2026;23;;;2024.0;32.006591796875
-1;3200;RAINFOREST_RESIN;9996;1;9995;22;;;10004;1;10005;22;;;10000.0;88.0
-1;3300;RAINFOREST_RESIN;9996;2;9995;30;;;10004;2;10005;30;;;10000.0;94.0
-1;3300;KELP;2023;32;;;;;2025;2;2026;32;;;2024.0;33.57568359375
-1;3400;RAINFOREST_RESIN;9996;2;9995;24;;;10004;2;10005;24;;;10000.0;94.0
-1;3400;KELP;2023;26;;;;;2026;26;;;;;2024.5;33.4658203125
-1;3500;KELP;2023;26;;;;;2026;26;;;;;2024.5;33.5322265625
-1;3500;RAINFOREST_RESIN;9995;26;;;;;10005;26;;;;;10000.0;94.0
-1;3600;KELP;2023;21;;;;;2026;21;;;;;2024.5;33.51904296875
-1;3600;RAINFOREST_RESIN;9995;21;;;;;9998;4;10005;21;;;9996.5;94.0
-1;3700;RAINFOREST_RESIN;10002;1;9996;1;9995;23;10004;1;10005;23;;;10003.0;102.0
-1;3700;KELP;2023;27;;;;;2026;24;;;;;2024.5;32.31103515625
-1;3800;RAINFOREST_RESIN;9996;2;9995;23;;;10002;10;10004;2;10005;23;9999.0;104.0
-1;3800;KELP;2023;25;;;;;2026;25;;;;;2024.5;32.27001953125
-1;3900;KELP;2023;28;;;;;2026;26;;;;;2024.5;38.6796875
-1;3900;RAINFOREST_RESIN;9998;1;9996;1;9995;25;10004;1;10005;25;;;10001.0;107.0
-1;4000;KELP;2023;32;;;;;2026;32;;;;;2024.5;42.3984375
-1;4000;RAINFOREST_RESIN;9996;2;9995;30;;;10004;2;10005;30;;;10000.0;107.0
-1;4100;RAINFOREST_RESIN;9996;2;9995;27;;;10004;2;10005;27;;;10000.0;107.0
-1;4100;KELP;2023;29;;;;;2027;29;;;;;2025.0;49.4609375
-1;4200;RAINFOREST_RESIN;9996;2;9995;24;;;10002;4;10004;2;10005;24;9999.0;107.0
-1;4200;KELP;2023;26;;;;;2027;26;;;;;2025.0;49.171875
-1;4300;KELP;2023;29;;;;;2024;5;2026;22;;;2023.5;41.92578125
-1;4300;RAINFOREST_RESIN;9995;22;;;;;9998;1;10000;6;10005;22;9996.5;125.0
-1;4400;KELP;2023;30;;;;;2026;30;;;;;2024.5;47.3046875
-1;4400;RAINFOREST_RESIN;9995;30;;;;;10005;30;;;;;10000.0;135.0
-1;4500;RAINFOREST_RESIN;9996;1;9995;28;;;10002;10;10004;1;10005;28;9999.0;135.0
-1;4500;KELP;2023;28;;;;;2026;29;;;;;2024.5;44.8984375
-1;4600;RAINFOREST_RESIN;9996;1;9995;29;;;10002;10;10004;1;10005;29;9999.0;135.0
-1;4600;KELP;2023;30;;;;;2026;30;;;;;2024.5;45.48046875
-1;4700;KELP;2023;25;;;;;2025;3;2026;32;;;2024.0;50.4921875
-1;4700;RAINFOREST_RESIN;9996;2;9995;30;;;10004;2;10005;30;;;10000.0;135.0
-1;4800;KELP;2023;24;;;;;2027;24;;;;;2025.0;56.08984375
-1;4800;RAINFOREST_RESIN;9998;6;9996;2;9995;22;10004;2;10005;22;;;10001.0;135.0
-1;4900;RAINFOREST_RESIN;9995;22;;;;;10002;7;10005;22;;;9998.5;139.0
-1;4900;KELP;2023;22;;;;;2027;22;;;;;2025.0;59.64453125
-1;5000;RAINFOREST_RESIN;9998;3;9996;2;9995;28;10004;2;10005;28;;;10001.0;139.0
-1;5000;KELP;2023;30;;;;;2026;30;;;;;2024.5;49.484375
-1;5100;KELP;2023;37;;;;;2026;31;;;;;2024.5;50.00390625
-1;5100;RAINFOREST_RESIN;9996;1;9995;30;;;10004;1;10005;30;;;10000.0;139.0
-1;5200;KELP;2023;35;;;;;2026;27;;;;;2024.5;49.234375
-1;5200;RAINFOREST_RESIN;9998;9;9996;1;9995;26;10004;1;10005;26;;;10001.0;139.0
-1;5300;RAINFOREST_RESIN;9996;1;9995;20;;;10004;1;10005;20;;;10000.0;139.0
-1;5300;KELP;2025;1;2023;21;;;2026;21;;;;;2025.5;50.23828125
-1;5400;RAINFOREST_RESIN;9995;21;;;;;10005;21;;;;;10000.0;139.0
-1;5400;KELP;2023;21;;;;;2025;6;2027;21;;;2024.0;58.56640625
-1;5500;KELP;2023;27;;;;;2027;27;;;;;2025.0;61.1640625
-1;5500;RAINFOREST_RESIN;9995;27;;;;;10005;27;;;;;10000.0;139.0
-1;5600;KELP;2025;2;2023;28;;;2027;28;;;;;2026.0;62.27734375
-1;5600;RAINFOREST_RESIN;9995;28;;;;;10005;28;;;;;10000.0;139.0
-1;5700;RAINFOREST_RESIN;9998;2;9995;27;;;10005;27;;;;;10001.5;139.0
-1;5700;KELP;2024;26;;;;;2027;27;;;;;2025.5;63.875
-1;5800;RAINFOREST_RESIN;9996;1;9995;30;;;10004;1;10005;30;;;10000.0;139.0
-1;5800;KELP;2024;31;;;;;2027;31;;;;;2025.5;70.89453125
-1;5900;KELP;2024;35;;;;;2027;30;;;;;2025.5;69.234375
-1;5900;RAINFOREST_RESIN;9996;2;9995;28;;;10004;2;10005;28;;;10000.0;139.0
-1;6000;KELP;2024;30;;;;;2027;30;;;;;2025.5;68.21484375
-1;6000;RAINFOREST_RESIN;9995;30;;;;;10005;30;;;;;10000.0;139.0
-1;6100;RAINFOREST_RESIN;9996;1;9995;24;;;10004;1;10005;24;;;10000.0;139.0
-1;6100;KELP;2024;24;;;;;2027;25;;;;;2025.5;68.2265625
-1;6200;RAINFOREST_RESIN;9996;1;9995;21;;;10004;1;10005;21;;;10000.0;139.0
-1;6200;KELP;2024;22;;;;;2027;22;;;;;2025.5;69.33984375
-1;6300;KELP;2024;30;;;;;2027;25;;;;;2025.5;74.03515625
-1;6300;RAINFOREST_RESIN;9996;2;9995;23;;;10004;2;10005;23;;;10000.0;139.0
-1;6400;KELP;2024;25;;;;;2027;25;;;;;2025.5;73.57421875
-1;6400;RAINFOREST_RESIN;9996;1;9995;24;;;10004;1;10005;24;;;10000.0;139.0
-1;6500;RAINFOREST_RESIN;9996;1;9995;26;;;9998;1;10004;1;10005;26;9997.0;139.0
-1;6500;KELP;2024;27;;;;;2027;27;;;;;2025.5;69.09765625
-1;6600;RAINFOREST_RESIN;9996;2;9995;24;;;10004;2;10005;24;;;10000.0;141.0
-1;6600;KELP;2024;26;;;;;2028;26;;;;;2026.0;79.6171875
-1;6700;KELP;2025;7;2024;20;;;2028;20;;;;;2026.5;82.77734375
-1;6700;RAINFOREST_RESIN;9995;20;;;;;10002;3;10005;20;;;9998.5;157.0
-1;6800;KELP;2024;32;;;;;2026;8;2027;2;2028;30;2025.0;75.56640625
-1;6800;RAINFOREST_RESIN;9996;2;9995;30;;;10004;2;10005;30;;;10000.0;157.0
-1;6900;RAINFOREST_RESIN;9996;1;9995;26;;;10002;5;10004;1;10005;26;9999.0;157.0
-1;6900;KELP;2024;27;;;;;2026;1;2027;27;;;2025.0;71.92578125
-1;7000;RAINFOREST_RESIN;9998;2;9995;27;;;10005;27;;;;;10001.5;157.0
-1;7000;KELP;2026;4;2024;27;;;2027;27;;;;;2026.5;73.0390625
-1;7100;KELP;2024;30;;;;;2027;30;;;;;2025.5;71.982421875
-1;7100;RAINFOREST_RESIN;9996;1;9995;29;;;10004;1;10005;29;;;10000.0;163.0
-1;7200;KELP;2024;28;;;;;2027;28;;;;;2025.5;70.33984375
-1;7200;RAINFOREST_RESIN;9998;5;9996;1;9995;27;10004;1;10005;27;;;10001.0;163.0
-1;7300;RAINFOREST_RESIN;10002;1;9996;2;9995;29;10004;2;10005;29;;;10003.0;163.0
-1;7300;KELP;2024;35;;;;;2027;31;;;;;2025.5;70.216796875
-1;7400;RAINFOREST_RESIN;9996;1;9995;22;;;10004;1;10005;22;;;10000.0;169.0
-1;7400;KELP;2024;22;;;;;2027;23;;;;;2025.5;72.158203125
-1;7500;KELP;2024;25;;;;;2027;25;;;;;2025.5;73.224609375
-1;7500;RAINFOREST_RESIN;9995;25;;;;;10002;10;10005;25;;;9998.5;169.0
-1;7600;KELP;2024;22;;;;;2027;22;;;;;2025.5;72.97265625
-1;7600;RAINFOREST_RESIN;9996;2;9995;20;;;10004;2;10005;20;;;10000.0;169.0
-1;7700;RAINFOREST_RESIN;9995;22;;;;;10005;22;;;;;10000.0;169.0
-1;7700;KELP;2024;21;;;;;2027;22;;;;;2025.5;72.708984375
-1;7800;RAINFOREST_RESIN;9998;3;9996;1;9995;22;10004;1;10005;22;;;10001.0;169.0
-1;7800;KELP;2024;23;;;;;2027;23;;;;;2025.5;72.474609375
-1;7900;KELP;2024;31;;;;;2027;27;;;;;2025.5;72.33203125
-1;7900;RAINFOREST_RESIN;9996;1;9995;26;;;10004;1;10005;26;;;10000.0;169.0
-1;8000;KELP;2024;27;;;;;2026;8;2027;27;;;2025.0;70.95703125
-1;8000;RAINFOREST_RESIN;9995;27;;;;;10005;27;;;;;10000.0;169.0
-1;8100;RAINFOREST_RESIN;9996;1;9995;22;;;10004;1;10005;22;;;10000.0;169.0
-1;8100;KELP;2023;23;;;;;2027;23;;;;;2025.0;65.943359375
-1;8200;RAINFOREST_RESIN;9995;23;;;;;10005;23;;;;;10000.0;204.0
-1;8200;KELP;2023;23;;;;;2025;1;2026;23;;;2024.0;65.21875
-1;8300;KELP;2023;30;;;;;2026;30;;;;;2024.5;61.0390625
-1;8300;RAINFOREST_RESIN;9996;1;9995;29;;;10004;1;10005;29;;;10000.0;204.0
-1;8400;RAINFOREST_RESIN;9995;28;;;;;10005;28;;;;;10000.0;204.0
-1;8400;KELP;2023;28;;;;;2026;28;;;;;2024.5;61.25390625
-1;8500;KELP;2023;31;;;;;2026;31;;;;;2024.5;60.306640625
-1;8500;RAINFOREST_RESIN;9998;10;9996;2;9995;29;10004;2;10005;29;;;10001.0;204.0
-1;8600;RAINFOREST_RESIN;9996;1;9995;22;;;10004;1;10005;22;;;10000.0;204.0
-1;8600;KELP;2023;22;;;;;2026;23;;;;;2024.5;62.263671875
-1;8700;KELP;2023;27;;;;;2025;4;2026;27;;;2024.0;64.32421875
-1;8700;RAINFOREST_RESIN;9998;10;9995;27;;;10005;27;;;;;10001.5;204.0
-1;8800;RAINFOREST_RESIN;9995;25;;;;;9998;1;10005;25;;;9996.5;204.0
-1;8800;KELP;2024;7;2023;25;;;2027;25;;;;;2025.5;67.890625
-1;8900;KELP;2024;1;2023;26;;;2027;26;;;;;2025.5;67.267578125
-1;8900;RAINFOREST_RESIN;9998;9;9995;26;;;10005;26;;;;;10001.5;206.0
-1;9000;RAINFOREST_RESIN;9996;2;9995;29;;;10004;2;10005;29;;;10000.0;206.0
-1;9000;KELP;2023;31;;;;;2027;31;;;;;2025.0;67.0078125
-1;9100;KELP;2023;29;;;;;2026;2;2027;27;;;2024.5;66.013671875
-1;9100;RAINFOREST_RESIN;9998;3;9996;2;9995;27;10004;2;10005;27;;;10001.0;206.0
-1;9200;RAINFOREST_RESIN;9998;10;9995;27;;;10005;27;;;;;10001.5;206.0
-1;9200;KELP;2023;27;;;;;2025;7;2026;27;;;2024.0;65.37890625
-1;9300;KELP;2023;21;;;;;2026;21;;;;;2024.5;63.19921875
-1;9300;RAINFOREST_RESIN;9996;1;9995;20;;;10004;1;10005;20;;;10000.0;206.0
-1;9400;RAINFOREST_RESIN;9998;2;9996;2;9995;21;10004;2;10005;21;;;10001.0;206.0
-1;9400;KELP;2023;23;;;;;2026;23;;;;;2024.5;62.1796875
-1;9500;KELP;2023;35;;;;;2026;31;;;;;2024.5;63.013671875
-1;9500;RAINFOREST_RESIN;9996;1;9995;30;;;10004;1;10005;30;;;10000.0;206.0
-1;9600;RAINFOREST_RESIN;9996;1;9995;30;;;10004;1;10005;30;;;10000.0;206.0
-1;9600;KELP;2023;31;;;;;2026;31;;;;;2024.5;61.1796875
-1;9700;KELP;2023;22;;;;;2026;22;;;;;2024.5;61.166015625
-1;9700;RAINFOREST_RESIN;9995;22;;;;;10002;1;10005;22;;;9998.5;206.0
-1;9800;RAINFOREST_RESIN;9995;26;;;;;10005;26;;;;;10000.0;206.0
-1;9800;KELP;2023;26;;;;;2026;26;;;;;2024.5;61.74609375
-1;9900;KELP;2025;4;2023;25;;;2026;25;;;;;2025.5;64.060546875
-1;9900;RAINFOREST_RESIN;9995;25;;;;;10005;25;;;;;10000.0;206.0
-1;10000;RAINFOREST_RESIN;9995;28;;;;;10005;28;;;;;10000.0;206.0
-1;10000;KELP;2023;36;;;;;2026;28;;;;;2024.5;65.1923828125
-1;10100;KELP;2023;25;;;;;2026;25;;;;;2024.5;64.4931640625
-1;10100;RAINFOREST_RESIN;9996;1;9995;24;;;10002;3;10004;1;10005;24;9999.0;206.0
-1;10200;RAINFOREST_RESIN;9996;2;9995;26;;;10004;2;10005;26;;;10000.0;206.0
-1;10200;KELP;2022;28;;;;;2026;28;;;;;2024.0;59.830078125
-1;10300;KELP;2024;1;2022;35;;;2025;27;;;;;2024.5;55.1875
-1;10300;RAINFOREST_RESIN;9998;4;9995;27;;;10005;27;;;;;10001.5;206.0
-1;10400;RAINFOREST_RESIN;10002;1;9996;1;9995;28;10004;1;10005;28;;;10003.0;206.0
-1;10400;KELP;2023;1;2022;29;;;2026;29;;;;;2024.5;60.326171875
-1;10500;KELP;2023;2;2022;29;;;2026;31;;;;;2024.5;60.98046875
-1;10500;RAINFOREST_RESIN;9998;4;9996;2;9995;29;10004;2;10005;29;;;10001.0;208.0
-1;10600;RAINFOREST_RESIN;9996;2;9995;29;;;10000;4;10004;2;10005;29;9998.0;208.0
-1;10600;KELP;2022;31;;;;;2023;4;2024;4;2025;31;2022.5;57.04296875
-1;10700;KELP;2022;29;;;;;2025;28;;;;;2023.5;58.076171875
-1;10700;RAINFOREST_RESIN;9998;8;9995;28;;;10005;28;;;;;10001.5;208.0
-1;10800;RAINFOREST_RESIN;9998;5;9996;2;9995;22;10004;2;10005;22;;;10001.0;208.0
-1;10800;KELP;2022;27;;;;;2025;24;;;;;2023.5;59.044921875
-1;10900;KELP;2022;35;;;;;2025;28;;;;;2023.5;58.7578125
-1;10900;RAINFOREST_RESIN;9996;1;9995;27;;;10004;1;10005;27;;;10000.0;232.0
-1;11000;KELP;2024;7;2022;24;;;2025;24;;;;;2024.5;58.728515625
-1;11000;RAINFOREST_RESIN;9995;24;;;;;10002;7;10005;24;;;9998.5;232.0
-1;11100;RAINFOREST_RESIN;9998;3;9995;21;;;10005;21;;;;;10001.5;232.0
-1;11100;KELP;2022;21;;;;;2025;21;;;;;2023.5;62.3173828125
-1;11200;RAINFOREST_RESIN;9996;2;9995;21;;;10002;7;10004;2;10005;21;9999.0;240.0
-1;11200;KELP;2022;23;;;;;2025;23;;;;;2023.5;61.99609375
-1;11300;KELP;2022;25;;;;;2025;22;;;;;2023.5;62.29736328125
-1;11300;RAINFOREST_RESIN;9996;1;9995;21;;;10004;1;10005;21;;;10000.0;240.0
-1;11400;KELP;2022;26;;;;;2025;26;;;;;2023.5;62.73095703125
-1;11400;RAINFOREST_RESIN;9996;1;9995;25;;;10004;1;10005;25;;;10000.0;240.0
-1;11500;RAINFOREST_RESIN;9996;1;9995;25;;;10002;7;10004;1;10005;25;9999.0;246.0
-1;11500;KELP;2022;26;;;;;2024;8;2025;26;;;2023.0;63.84765625
-1;11600;RAINFOREST_RESIN;9996;2;9995;27;;;10002;2;10004;2;10005;27;9999.0;246.0
-1;11600;KELP;2022;29;;;;;2026;29;;;;;2024.0;66.6650390625
-1;11700;KELP;2022;23;;;;;2023;2;2026;23;;;2022.5;65.55078125
-1;11700;RAINFOREST_RESIN;9996;2;9995;21;;;10004;2;10005;21;;;10000.0;246.0
-1;11800;KELP;2022;29;;;;;2024;4;2026;29;;;2023.0;69.4580078125
-1;11800;RAINFOREST_RESIN;9998;10;9995;29;;;10000;5;10005;29;;;9999.0;246.0
-1;11900;RAINFOREST_RESIN;9996;2;9995;30;;;10004;2;10005;30;;;10000.0;246.0
-1;11900;KELP;2023;2;2022;30;;;2024;3;2026;32;;;2023.5;69.1337890625
-1;12000;RAINFOREST_RESIN;10002;1;9995;20;;;10005;20;;;;;10003.5;246.0
-1;12000;KELP;2023;20;;;;;2026;20;;;;;2024.5;71.767578125
-1;12100;KELP;2023;27;;;;;2025;1;2026;27;;;2024.0;71.666015625
-1;12100;RAINFOREST_RESIN;9996;2;9995;25;;;10004;2;10005;25;;;10000.0;248.0
-1;12200;KELP;2023;34;;;;;2026;30;;;;;2024.5;71.560546875
-1;12200;RAINFOREST_RESIN;9996;2;9995;28;;;10004;2;10005;28;;;10000.0;248.0
-1;12300;RAINFOREST_RESIN;9998;6;9996;1;9995;28;10004;1;10005;28;;;10001.0;248.0
-1;12300;KELP;2023;29;;;;;2026;29;;;;;2024.5;72.0546875
-1;12400;RAINFOREST_RESIN;9995;26;;;;;10005;26;;;;;10000.0;248.0
-1;12400;KELP;2023;30;;;;;2026;26;;;;;2024.5;72.4482421875
-1;12500;KELP;2023;19;;;;;2026;20;;;;;2024.5;79.982421875
-1;12500;RAINFOREST_RESIN;9995;20;;;;;10005;20;;;;;10000.0;248.0
-1;12600;KELP;2023;22;;;;;2026;22;;;;;2024.5;80.853515625
-1;12600;RAINFOREST_RESIN;9995;22;;;;;10005;22;;;;;10000.0;248.0
-1;12700;RAINFOREST_RESIN;9996;2;9995;20;;;10004;2;10005;20;;;10000.0;248.0
-1;12700;KELP;2023;22;;;;;2026;22;;;;;2024.5;80.2021484375
-1;12800;RAINFOREST_RESIN;9996;2;9995;20;;;10004;2;10005;20;;;10000.0;248.0
-1;12800;KELP;2023;22;;;;;2026;22;;;;;2024.5;79.7109375
-1;12900;KELP;2023;36;;;;;2026;29;;;;;2024.5;79.078125
-1;12900;RAINFOREST_RESIN;9996;1;9995;28;;;10002;3;10004;1;10005;28;9999.0;248.0
-1;13000;KELP;2025;1;2023;6;2022;20;2026;20;;;;;2025.5;81.990234375
-1;13000;RAINFOREST_RESIN;10002;1;9995;20;;;10005;20;;;;;10003.5;248.0
-1;13100;RAINFOREST_RESIN;9996;1;9995;25;;;10004;1;10005;25;;;10000.0;250.0
-1;13100;KELP;2023;33;;;;;2026;26;;;;;2024.5;81.7099609375
-1;13200;RAINFOREST_RESIN;9998;2;9995;22;;;10005;22;;;;;10001.5;250.0
-1;13200;KELP;2022;22;;;;;2025;5;2026;22;;;2023.5;82.2939453125
-1;13300;KELP;2023;6;2022;24;;;2026;24;;;;;2024.5;82.541015625
-1;13300;RAINFOREST_RESIN;9995;24;;;;;10005;24;;;;;10000.0;250.0
-1;13400;KELP;2023;32;;;;;2026;32;;;;;2024.5;83.798828125
-1;13400;RAINFOREST_RESIN;9996;2;9995;30;;;10004;2;10005;30;;;10000.0;256.0
-1;13500;RAINFOREST_RESIN;9995;30;;;;;10005;30;;;;;10000.0;256.0
-1;13500;KELP;2022;30;;;;;2025;8;2026;30;;;2023.5;83.919921875
-1;13600;RAINFOREST_RESIN;9995;25;;;;;10002;10;10005;25;;;9998.5;256.0
-1;13600;KELP;2023;24;;;;;2025;3;2026;25;;;2024.0;82.384765625
-1;13700;KELP;2023;25;;;;;2026;21;;;;;2024.5;82.3515625
-1;13700;RAINFOREST_RESIN;9996;1;9995;20;;;9998;4;10004;1;10005;20;9997.0;256.0
-1;13800;KELP;2023;23;;;;;2026;22;;;;;2024.5;81.744140625
-1;13800;RAINFOREST_RESIN;9996;2;9995;20;;;10004;2;10005;20;;;10000.0;264.0
-1;13900;RAINFOREST_RESIN;9996;2;9995;20;;;10000;6;10004;2;10005;20;9998.0;264.0
-1;13900;KELP;2023;22;;;;;2024;6;2025;4;2026;22;2023.5;83.078125
-1;14000;RAINFOREST_RESIN;9998;5;9996;2;9995;27;10004;2;10005;27;;;10001.0;264.0
-1;14000;KELP;2023;3;2022;29;;;2026;29;;;;;2024.5;85.56884765625
-1;14100;KELP;2023;25;;;;;2025;1;2026;25;;;2024.0;84.2509765625
-1;14100;RAINFOREST_RESIN;9996;2;9995;23;;;10004;2;10005;23;;;10000.0;264.0
-1;14200;KELP;2023;20;;;;;2026;21;;;;;2024.5;84.17431640625
-1;14200;RAINFOREST_RESIN;9995;21;;;;;10005;21;;;;;10000.0;264.0
-1;14300;RAINFOREST_RESIN;9996;2;9995;27;;;10004;2;10005;27;;;10000.0;264.0
-1;14300;KELP;2022;29;;;;;2026;29;;;;;2024.0;85.990234375
-1;14400;RAINFOREST_RESIN;9996;1;9995;29;;;10004;1;10005;29;;;10000.0;264.0
-1;14400;KELP;2023;30;;;;;2026;30;;;;;2024.5;85.0791015625
-1;14500;KELP;2023;24;;;;;2026;24;;;;;2024.5;84.9169921875
-1;14500;RAINFOREST_RESIN;9995;24;;;;;10002;1;10005;24;;;9998.5;264.0
-1;14600;KELP;2022;28;;;;;2024;2;2026;28;;;2023.0;85.7001953125
-1;14600;RAINFOREST_RESIN;9996;2;9995;26;;;10000;2;10004;2;10005;26;9998.0;264.0
-1;14700;RAINFOREST_RESIN;9995;30;;;;;10002;7;10005;30;;;9998.5;264.0
-1;14700;KELP;2022;30;;;;;2025;30;;;;;2023.5;86.618408203125
-1;14800;RAINFOREST_RESIN;9995;28;;;;;10002;6;10005;28;;;9998.5;264.0
-1;14800;KELP;2022;28;;;;;2025;28;;;;;2023.5;86.640869140625
-1;14900;KELP;2023;4;2022;26;;;2025;26;;;;;2024.0;86.698486328125
-1;14900;RAINFOREST_RESIN;10000;4;9995;26;;;10005;26;;;;;10002.5;264.0
-1;15000;KELP;2024;8;2022;25;;;2025;25;;;;;2024.5;86.86181640625
-1;15000;RAINFOREST_RESIN;9998;1;9995;25;;;10005;25;;;;;10001.5;264.0
-1;15100;RAINFOREST_RESIN;9995;22;;;;;10005;22;;;;;10000.0;264.0
-1;15100;KELP;2022;27;;;;;2025;22;;;;;2023.5;92.154296875
-1;15200;RAINFOREST_RESIN;9998;6;9995;27;;;10005;27;;;;;10001.5;264.0
-1;15200;KELP;2022;26;;;;;2025;27;;;;;2023.5;92.2578125
-1;15300;KELP;2022;26;;;;;2024;4;2025;26;;;2023.0;92.609375
-1;15300;RAINFOREST_RESIN;9995;26;;;;;10002;1;10005;26;;;9998.5;264.0
-1;15400;KELP;2022;35;;;;;2025;30;;;;;2023.5;90.3251953125
-1;15400;RAINFOREST_RESIN;9996;2;9995;28;;;9998;1;10004;2;10005;28;9997.0;267.0
-1;15500;RAINFOREST_RESIN;10002;1;9996;2;9995;29;10004;2;10005;29;;;10003.0;269.0
-1;15500;KELP;2022;31;;;;;2024;8;2025;31;;;2023.0;89.58984375
-1;15600;RAINFOREST_RESIN;9996;2;9995;24;;;10004;2;10005;24;;;10000.0;271.0
-1;15600;KELP;2022;31;;;;;2025;26;;;;;2023.5;86.0
-1;15700;KELP;2022;25;;;;;2025;25;;;;;2023.5;86.67529296875
-1;15700;RAINFOREST_RESIN;10002;5;9996;1;9995;24;10004;1;10005;24;;;10003.0;275.0
-1;15800;KELP;2025;1;2022;22;;;2026;22;;;;;2025.5;85.981689453125
-1;15800;RAINFOREST_RESIN;9998;10;9996;2;9995;20;10004;2;10005;20;;;10001.0;285.0
-1;15900;RAINFOREST_RESIN;9996;2;9995;29;;;10000;6;10004;2;10005;29;9998.0;285.0
-1;15900;KELP;2023;31;;;;;2024;6;2025;2;2026;31;2023.5;86.046875
-1;16000;RAINFOREST_RESIN;9996;2;9995;27;;;10002;6;10004;2;10005;27;9999.0;285.0
-1;16000;KELP;2023;29;;;;;2025;2;2026;29;;;2024.0;87.8046875
-1;16100;KELP;2022;21;;;;;2023;2;2026;21;;;2022.5;86.484375
-1;16100;RAINFOREST_RESIN;9995;21;;;;;10000;2;10002;10;10005;21;9997.5;285.0
-1;16200;KELP;2022;24;;;;;2023;1;2026;24;;;2022.5;88.71875
-1;16200;RAINFOREST_RESIN;9995;24;;;;;9998;1;10005;24;;;9996.5;285.0
-1;16300;RAINFOREST_RESIN;9996;1;9995;22;;;10004;1;10005;22;;;10000.0;287.0
-1;16300;KELP;2023;2;2022;23;;;2026;23;;;;;2024.5;89.474609375
-1;16400;RAINFOREST_RESIN;9996;2;9995;30;;;10002;3;10004;2;10005;30;9999.0;303.0
-1;16400;KELP;2023;2;2022;30;;;2026;32;;;;;2024.5;90.69140625
-1;16500;KELP;2023;2;2022;21;;;2026;23;;;;;2024.5;90.8291015625
-1;16500;RAINFOREST_RESIN;9996;2;9995;21;;;10002;7;10004;2;10005;21;9999.0;303.0
-1;16600;KELP;2022;30;;;;;2023;1;2026;30;;;2022.5;90.220703125
-1;16600;RAINFOREST_RESIN;9998;4;9996;2;9995;28;10004;2;10005;28;;;10001.0;303.0
-1;16700;RAINFOREST_RESIN;10002;1;9995;26;;;10005;26;;;;;10003.5;303.0
-1;16700;KELP;2025;1;2022;26;;;2026;26;;;;;2025.5;91.84375
-1;16800;RAINFOREST_RESIN;9995;26;;;;;10005;26;;;;;10000.0;305.0
-1;16800;KELP;2022;26;;;;;2026;26;;;;;2024.0;92.060546875
-1;16900;KELP;2023;1;2022;25;;;2026;26;;;;;2024.5;92.7783203125
-1;16900;RAINFOREST_RESIN;9996;1;9995;25;;;10004;1;10005;25;;;10000.0;325.0
-1;17000;KELP;2023;29;;;;;2026;29;;;;;2024.5;93.5087890625
-1;17000;RAINFOREST_RESIN;9998;9;9995;29;;;10005;29;;;;;10001.5;325.0
-1;17100;KELP;2023;23;;;;;2026;23;;;;;2024.5;94.15234375
-1;17100;RAINFOREST_RESIN;9996;2;9995;21;;;10004;2;10005;21;;;10000.0;325.0
-1;17200;RAINFOREST_RESIN;9998;3;9996;2;9995;22;10004;2;10005;22;;;10001.0;325.0
-1;17200;KELP;2023;24;;;;;2026;24;;;;;2024.5;94.9267578125
-1;17300;KELP;2023;25;;;;;2025;6;2026;25;;;2024.0;95.423828125
-1;17300;RAINFOREST_RESIN;9996;2;9995;23;;;10002;9;10004;2;10005;23;9999.0;325.0
-1;17400;RAINFOREST_RESIN;10000;6;9998;7;9995;28;10005;28;;;;;10002.5;325.0
-1;17400;KELP;2024;6;2023;28;;;2026;28;;;;;2025.0;96.701171875
-1;17500;KELP;2023;26;;;;;2027;26;;;;;2025.0;92.0
-1;17500;RAINFOREST_RESIN;9995;26;;;;;10005;26;;;;;10000.0;325.0
-1;17600;RAINFOREST_RESIN;9998;6;9995;30;;;10005;30;;;;;10001.5;325.0
-1;17600;KELP;2023;30;;;;;2026;30;;;;;2024.5;92.0
-1;17700;KELP;2025;1;2023;29;;;2026;29;;;;;2025.5;92.0
-1;17700;RAINFOREST_RESIN;9996;2;9995;27;;;10004;2;10005;27;;;10000.0;325.0
-1;17800;RAINFOREST_RESIN;9996;2;9995;24;;;10002;5;10004;2;10005;24;9999.0;325.0
-1;17800;KELP;2023;26;;;;;2026;2;2027;24;;;2024.5;92.212646484375
-1;17900;KELP;2023;23;;;;;2027;23;;;;;2025.0;92.1715087890625
-1;17900;RAINFOREST_RESIN;9995;23;;;;;10005;23;;;;;10000.0;325.0
-1;18000;RAINFOREST_RESIN;9996;2;9995;25;;;10004;2;10005;25;;;10000.0;325.0
-1;18000;KELP;2023;27;;;;;2026;27;;;;;2024.5;92.2530517578125
-1;18100;KELP;2023;20;;;;;2027;20;;;;;2025.0;91.9747314453125
-1;18100;RAINFOREST_RESIN;9995;20;;;;;10005;20;;;;;10000.0;325.0
-1;18200;RAINFOREST_RESIN;9996;1;9995;25;;;10004;1;10005;25;;;10000.0;325.0
-1;18200;KELP;2024;21;;;;;2027;26;;;;;2025.5;91.674560546875
-1;18300;KELP;2023;25;;;;;2027;25;;;;;2025.0;91.888916015625
-1;18300;RAINFOREST_RESIN;9996;2;9995;23;;;10004;2;10005;23;;;10000.0;325.0
-1;18400;RAINFOREST_RESIN;9996;2;9995;23;;;10004;2;10005;23;;;10000.0;325.0
-1;18400;KELP;2024;25;;;;;2026;5;2027;25;;;2025.0;91.4967041015625
-1;18500;KELP;2024;29;;;;;2025;1;2027;29;;;2024.5;91.433837890625
-1;18500;RAINFOREST_RESIN;9995;29;;;;;10000;2;10005;29;;;9997.5;325.0
-1;18600;RAINFOREST_RESIN;10002;1;9995;20;;;10005;20;;;;;10003.5;325.0
-1;18600;KELP;2024;20;;;;;2026;5;2027;20;;;2025.0;92.0
-1;18700;KELP;2024;22;;;;;2027;22;;;;;2025.5;92.0
-1;18700;RAINFOREST_RESIN;9995;22;;;;;10005;22;;;;;10000.0;327.0
-1;18800;RAINFOREST_RESIN;9996;2;9995;26;;;10004;2;10005;26;;;10000.0;327.0
-1;18800;KELP;2024;28;;;;;2027;28;;;;;2025.5;92.0
-1;18900;KELP;2024;22;;;;;2027;22;;;;;2025.5;92.0
-1;18900;RAINFOREST_RESIN;9998;2;9995;22;;;10005;22;;;;;10001.5;327.0
-1;19000;RAINFOREST_RESIN;9996;2;9995;26;;;10004;2;10005;26;;;10000.0;327.0
-1;19000;KELP;2024;18;;;;;2027;28;;;;;2025.5;92.0
-1;19100;KELP;2024;28;;;;;2027;28;;;;;2025.5;92.0
-1;19100;RAINFOREST_RESIN;9996;2;9995;26;;;10004;2;10005;26;;;10000.0;327.0
-1;19200;RAINFOREST_RESIN;9996;1;9995;20;;;9998;1;10004;1;10005;20;9997.0;327.0
-1;19200;KELP;2024;21;;;;;2027;21;;;;;2025.5;92.0
-1;19300;KELP;2024;23;;;;;2027;23;;;;;2025.5;92.0
-1;19300;RAINFOREST_RESIN;9996;2;9995;21;;;10004;2;10005;21;;;10000.0;329.0
-1;19400;RAINFOREST_RESIN;9995;26;;;;;10005;26;;;;;10000.0;332.0
-1;19400;KELP;2023;26;;;;;2027;26;;;;;2025.0;92.175048828125
-1;19500;KELP;2024;23;;;;;2027;23;;;;;2025.5;92.470458984375
-1;19500;RAINFOREST_RESIN;9995;23;;;;;10005;23;;;;;10000.0;332.0
-1;19600;RAINFOREST_RESIN;9996;2;9995;27;;;10004;2;10005;27;;;10000.0;332.0
-1;19600;KELP;2024;2;2023;27;;;2027;29;;;;;2025.5;92.1805419921875
-1;19700;KELP;2024;31;;;;;2026;7;2027;32;;;2025.0;92.273193359375
-1;19700;RAINFOREST_RESIN;10002;1;9996;2;9995;30;10004;2;10005;30;;;10003.0;332.0
-1;19800;RAINFOREST_RESIN;9996;2;9995;29;;;10004;2;10005;29;;;10000.0;334.0
-1;19800;KELP;2024;31;;;;;2027;31;;;;;2025.5;92.39453125
-1;19900;KELP;2024;32;;;;;2027;32;;;;;2025.5;92.524658203125
-1;19900;RAINFOREST_RESIN;9996;2;9995;30;;;10004;2;10005;30;;;10000.0;334.0
-1;20000;KELP;2024;2;2023;27;;;2027;27;;;;;2025.5;91.9649658203125
-1;20000;RAINFOREST_RESIN;9995;27;;;;;10002;4;10005;27;;;9998.5;334.0
-1;20100;RAINFOREST_RESIN;10002;1;9996;1;9995;30;10004;1;10005;30;;;10003.0;334.0
-1;20100;KELP;2023;31;;;;;2025;4;2027;31;;;2024.0;92.01904296875
-1;20200;RAINFOREST_RESIN;9995;29;;;;;9998;1;10005;29;;;9996.5;336.0
-1;20200;KELP;2023;29;;;;;2027;29;;;;;2025.0;91.8902587890625
-1;20300;KELP;2024;26;;;;;2027;27;;;;;2025.5;92.6007080078125
-1;20300;RAINFOREST_RESIN;9995;27;;;;;10005;27;;;;;10000.0;338.0
-1;20400;KELP;2024;30;;;;;2025;4;2027;29;;;2024.5;92.319091796875
-1;20400;RAINFOREST_RESIN;9996;1;9995;28;;;10000;4;10004;1;10005;28;9998.0;338.0
-1;20500;RAINFOREST_RESIN;10000;3;9996;2;9995;30;10004;2;10005;30;;;10002.0;338.0
-1;20500;KELP;2025;4;2024;7;2023;30;2027;32;;;;;2026.0;92.708984375
-1;20600;RAINFOREST_RESIN;9996;2;9995;26;;;10004;2;10005;26;;;10000.0;338.0
-1;20600;KELP;2023;28;;;;;2027;28;;;;;2025.0;92.1131591796875
-1;20700;KELP;2025;6;2023;22;;;2027;22;;;;;2026.0;92.1500244140625
-1;20700;RAINFOREST_RESIN;10002;1;10000;6;9998;4;10005;22;;;;;10003.5;338.0
-1;20800;KELP;2024;2;2023;22;;;2027;24;;;;;2025.5;92.0
-1;20800;RAINFOREST_RESIN;9996;2;9995;22;;;10004;2;10005;22;;;10000.0;340.0
-1;20900;RAINFOREST_RESIN;9995;23;;;;;10005;23;;;;;10000.0;340.0
-1;20900;KELP;2026;1;2023;23;;;2027;23;;;;;2026.5;92.0
-1;21000;RAINFOREST_RESIN;9996;2;9995;26;;;10004;2;10005;26;;;10000.0;340.0
-1;21000;KELP;2024;28;;;;;2027;28;;;;;2025.5;92.7449951171875
-1;21100;KELP;2024;2;2023;22;;;2027;24;;;;;2025.5;92.8343505859375
-1;21100;RAINFOREST_RESIN;9996;2;9995;22;;;10004;2;10005;22;;;10000.0;340.0
-1;21200;KELP;2024;22;;;;;2027;22;;;;;2025.5;92.69091796875
-1;21200;RAINFOREST_RESIN;9995;22;;;;;9998;1;10005;22;;;9996.5;340.0
-1;21300;RAINFOREST_RESIN;9996;1;9995;29;;;10002;7;10004;1;10005;29;9999.0;342.0
-1;21300;KELP;2024;1;2023;29;;;2027;30;;;;;2025.5;92.806884765625
-1;21400;RAINFOREST_RESIN;9995;28;;;;;10005;28;;;;;10000.0;366.0
-1;21400;KELP;2024;28;;;;;2027;28;;;;;2025.5;92.7030029296875
-1;21500;KELP;2026;4;2024;21;;;2027;21;;;;;2026.5;92.3038330078125
-1;21500;RAINFOREST_RESIN;9996;1;9995;20;;;10004;1;10005;20;;;10000.0;366.0
-1;21600;KELP;2024;27;;;;;2027;2;2028;25;;;2025.5;92.896484375
-1;21600;RAINFOREST_RESIN;10002;12;9996;2;9995;25;10004;2;10005;25;;;10003.0;366.0
-1;21700;RAINFOREST_RESIN;9998;8;9996;2;9995;29;10004;2;10005;29;;;10001.0;390.0
-1;21700;KELP;2024;31;;;;;2027;31;;;;;2025.5;93.34375
-1;21800;RAINFOREST_RESIN;9996;2;9995;22;;;10004;2;10005;22;;;10000.0;390.0
-1;21800;KELP;2024;24;;;;;2028;24;;;;;2026.0;93.216796875
-1;21900;KELP;2024;22;;;;;2028;22;;;;;2026.0;92.671875
-1;21900;RAINFOREST_RESIN;10002;3;9996;1;9995;21;10004;1;10005;21;;;10003.0;390.0
-1;22000;KELP;2024;21;;;;;2028;21;;;;;2026.0;94.390625
-1;22000;RAINFOREST_RESIN;9995;21;;;;;10005;21;;;;;10000.0;396.0
-1;22100;RAINFOREST_RESIN;9996;2;9995;22;;;10002;7;10004;2;10005;22;9999.0;396.0
-1;22100;KELP;2024;23;;;;;2027;24;;;;;2025.5;98.53125
-1;22200;RAINFOREST_RESIN;9998;6;9996;1;9995;20;10004;1;10005;20;;;10001.0;396.0
-1;22200;KELP;2024;21;;;;;2027;21;;;;;2025.5;101.0859375
-1;22300;KELP;2023;29;;;;;2026;1;2027;28;;;2024.5;107.662109375
-1;22300;RAINFOREST_RESIN;9996;1;9995;28;;;10004;1;10005;28;;;10000.0;406.0
-1;22400;KELP;2023;29;;;;;2026;29;;;;;2024.5;108.224609375
-1;22400;RAINFOREST_RESIN;9996;2;9995;27;;;9998;1;10004;2;10005;27;9997.0;406.0
-1;22500;RAINFOREST_RESIN;9996;2;9995;29;;;10004;2;10005;29;;;10000.0;435.0
-1;22500;KELP;2023;31;;;;;2026;31;;;;;2024.5;111.150390625
-1;22600;RAINFOREST_RESIN;10000;6;9998;6;9996;2;10004;2;10005;20;;;10002.0;435.0
-1;22600;KELP;2024;6;2023;26;;;2026;22;;;;;2025.0;118.1015625
-1;22700;KELP;2023;25;;;;;2026;26;;;;;2024.5;118.94140625
-1;22700;RAINFOREST_RESIN;9996;2;9995;24;;;10004;2;10005;24;;;10000.0;435.0
-1;22800;KELP;2023;27;;;;;2026;28;;;;;2024.5;123.62890625
-1;22800;RAINFOREST_RESIN;9996;1;9995;27;;;9998;2;10004;1;10005;27;9997.0;435.0
-1;22900;RAINFOREST_RESIN;9996;2;9995;30;;;10002;8;10004;2;10005;30;9999.0;439.0
-1;22900;KELP;2023;2;2022;30;;;2026;32;;;;;2024.5;124.86328125
-1;23000;RAINFOREST_RESIN;9996;1;9995;21;;;10004;1;10005;21;;;10000.0;439.0
-1;23000;KELP;2022;22;;;;;2026;22;;;;;2024.0;128.1171875
-1;23100;KELP;2023;23;;;;;2026;23;;;;;2024.5;121.734375
-1;23100;RAINFOREST_RESIN;9998;8;9995;23;;;10005;23;;;;;10001.5;439.0
-1;23200;KELP;2023;2;2022;29;;;2024;3;2026;31;;;2023.5;124.48046875
-1;23200;RAINFOREST_RESIN;9998;5;9996;2;9995;29;10004;2;10005;29;;;10001.0;439.0
-1;23300;RAINFOREST_RESIN;9996;1;9995;29;;;10004;1;10005;29;;;10000.0;439.0
-1;23300;KELP;2023;30;;;;;2026;30;;;;;2024.5;122.15234375
-1;23400;RAINFOREST_RESIN;9996;1;9995;29;;;10004;1;10005;29;;;10000.0;439.0
-1;23400;KELP;2023;30;;;;;2026;30;;;;;2024.5;121.94140625
-1;23500;KELP;2023;29;;;;;2025;4;2026;30;;;2024.0;122.11328125
-1;23500;RAINFOREST_RESIN;9998;8;9996;2;9995;28;10004;2;10005;28;;;10001.0;439.0
-1;23600;KELP;2022;27;;;;;2026;27;;;;;2024.0;125.3828125
-1;23600;RAINFOREST_RESIN;9995;27;;;;;10005;27;;;;;10000.0;439.0
-1;23700;RAINFOREST_RESIN;10002;1;9996;2;9995;21;10004;2;10005;21;;;10003.0;439.0
-1;23700;KELP;2023;2;2022;21;;;2025;7;2026;23;;;2024.0;125.15625
-1;23800;RAINFOREST_RESIN;9995;30;;;;;10005;30;;;;;10000.0;465.0
-1;23800;KELP;2024;1;2022;30;;;2026;30;;;;;2025.0;131.31640625
-1;23900;KELP;2025;1;2023;1;2022;30;2026;30;;;;;2025.5;126.98828125
-1;23900;RAINFOREST_RESIN;9995;30;;;;;10005;30;;;;;10000.0;465.0
-1;24000;KELP;2022;29;;;;;2026;29;;;;;2024.0;128.0
-1;24000;RAINFOREST_RESIN;9998;9;9995;29;;;10005;29;;;;;10001.5;465.0
-1;24100;RAINFOREST_RESIN;9996;1;9995;25;;;10004;1;10005;25;;;10000.0;465.0
-1;24100;KELP;2023;1;2022;25;;;2025;3;2026;26;;;2024.0;125.8125
-1;24200;RAINFOREST_RESIN;9996;2;9995;28;;;10002;6;10004;2;10005;28;9999.0;489.0
-1;24200;KELP;2023;30;;;;;2026;30;;;;;2024.5;122.81640625
-1;24300;KELP;2023;26;;;;;2026;26;;;;;2024.5;122.34375
-1;24300;RAINFOREST_RESIN;9996;2;9995;24;;;10002;1;10004;2;10005;24;9999.0;489.0
-1;24400;KELP;2025;1;2023;22;;;2026;22;;;;;2025.5;124.8359375
-1;24400;RAINFOREST_RESIN;10002;1;9998;4;9996;1;10004;1;10005;21;;;10003.0;489.0
-1;24500;RAINFOREST_RESIN;10002;1;9996;1;9995;25;10004;1;10005;25;;;10003.0;491.0
-1;24500;KELP;2022;26;;;;;2026;26;;;;;2024.0;130.55859375
-1;24600;RAINFOREST_RESIN;9995;24;;;;;9998;2;10005;24;;;9996.5;499.0
-1;24600;KELP;2022;24;;;;;2024;2;2026;24;;;2023.0;129.54296875
-1;24700;KELP;2023;25;;;;;2026;25;;;;;2024.5;127.6171875
-1;24700;RAINFOREST_RESIN;9995;25;;;;;10005;25;;;;;10000.0;503.0
-1;24800;KELP;2022;23;;;;;2026;23;;;;;2024.0;132.12890625
-1;24800;RAINFOREST_RESIN;9995;23;;;;;10005;23;;;;;10000.0;503.0
-1;24900;RAINFOREST_RESIN;10002;1;9996;1;9995;22;10004;1;10005;22;;;10003.0;503.0
-1;24900;KELP;2024;4;2022;23;;;2026;23;;;;;2025.0;131.125
-1;25000;RAINFOREST_RESIN;9995;23;;;;;10005;23;;;;;10000.0;505.0
-1;25000;KELP;2023;23;;;;;2026;23;;;;;2024.5;128.0234375
-1;25100;KELP;2022;25;;;;;2024;4;2026;25;;;2023.0;130.453125
-1;25100;RAINFOREST_RESIN;10002;1;9995;25;;;10005;25;;;;;10003.5;505.0
-1;25200;KELP;2023;1;2022;24;;;2025;3;2026;25;;;2024.0;130.5234375
-1;25200;RAINFOREST_RESIN;9996;1;9995;24;;;9998;5;10004;1;10005;24;9997.0;507.0
-1;25300;RAINFOREST_RESIN;9996;2;9995;22;;;10004;2;10005;22;;;10000.0;517.0
-1;25300;KELP;2023;4;2022;22;;;2026;24;;;;;2024.5;130.541015625
-1;25400;RAINFOREST_RESIN;9996;1;9995;29;;;10004;1;10005;29;;;10000.0;517.0
-1;25400;KELP;2025;8;2023;30;;;2026;30;;;;;2025.5;129.7109375
-1;25500;KELP;2022;21;;;;;2025;21;;;;;2023.5;147.56640625
-1;25500;RAINFOREST_RESIN;9996;1;9995;20;;;9998;6;10002;9;10004;1;9997.0;517.0
-1;25600;KELP;2023;31;;;;;2026;23;;;;;2024.5;135.32421875
-1;25600;RAINFOREST_RESIN;9996;1;9995;22;;;10002;7;10004;1;10005;22;9999.0;529.0
-1;25700;RAINFOREST_RESIN;9996;2;9995;30;;;10004;2;10005;30;;;10000.0;529.0
-1;25700;KELP;2023;32;;;;;2025;6;2026;32;;;2024.0;132.41015625
-1;25800;RAINFOREST_RESIN;10002;4;9995;24;;;10005;24;;;;;10003.5;537.0
-1;25800;KELP;2023;23;;;;;2026;24;;;;;2024.5;128.8515625
-1;25900;KELP;2023;25;;;;;2026;25;;;;;2024.5;133.6015625
-1;25900;RAINFOREST_RESIN;9996;2;9995;23;;;10004;2;10005;23;;;10000.0;545.0
-1;26000;RAINFOREST_RESIN;9996;2;9995;27;;;10004;2;10005;27;;;10000.0;545.0
-1;26000;KELP;2023;22;;;;;2026;29;;;;;2024.5;136.3828125
-1;26100;KELP;2023;20;;;;;2026;20;;;;;2024.5;133.171875
-1;26100;RAINFOREST_RESIN;9998;7;9995;20;;;10005;20;;;;;10001.5;545.0
-1;26200;RAINFOREST_RESIN;9996;1;9995;22;;;10004;1;10005;22;;;10000.0;545.0
-1;26200;KELP;2023;23;;;;;2026;23;;;;;2024.5;132.30078125
-1;26300;KELP;2023;30;;;;;2026;30;;;;;2024.5;133.16015625
-1;26300;RAINFOREST_RESIN;9996;1;9995;29;;;9998;1;10004;1;10005;29;9997.0;545.0
-1;26400;RAINFOREST_RESIN;9995;22;;;;;10005;22;;;;;10000.0;547.0
-1;26400;KELP;2023;27;;;;;2026;22;;;;;2024.5;134.8046875
-1;26500;KELP;2023;24;;;;;2026;24;;;;;2024.5;135.1875
-1;26500;RAINFOREST_RESIN;9996;1;9995;23;;;10004;1;10005;23;;;10000.0;547.0
-1;26600;RAINFOREST_RESIN;9996;2;9995;28;;;9998;1;10004;2;10005;28;9997.0;547.0
-1;26600;KELP;2023;36;;;;;2026;30;;;;;2024.5;133.44140625
-1;26700;KELP;2023;24;;;;;2025;6;2026;24;;;2024.0;133.671875
-1;26700;RAINFOREST_RESIN;9998;2;9996;1;9995;23;10004;1;10005;23;;;10001.0;549.0
-1;26800;RAINFOREST_RESIN;9996;2;9995;28;;;10004;2;10005;28;;;10000.0;549.0
-1;26800;KELP;2025;1;2023;30;;;2026;30;;;;;2025.5;134.3203125
-1;26900;KELP;2023;29;;;;;2026;30;;;;;2024.5;135.41796875
-1;26900;RAINFOREST_RESIN;10002;1;9995;30;;;10005;30;;;;;10003.5;549.0
-1;27000;RAINFOREST_RESIN;9995;28;;;;;10002;1;10005;28;;;9998.5;551.0
-1;27000;KELP;2023;30;;;;;2026;28;;;;;2024.5;135.171875
-1;27100;KELP;2023;27;;;;;2026;24;;;;;2024.5;133.20703125
-1;27100;RAINFOREST_RESIN;9995;24;;;;;10005;24;;;;;10000.0;551.0
-1;27200;RAINFOREST_RESIN;9998;2;9995;21;;;10005;21;;;;;10001.5;551.0
-1;27200;KELP;2023;21;;;;;2025;2;2026;21;;;2024.0;134.109375
-1;27300;KELP;2025;1;2023;31;;;2026;31;;;;;2025.5;133.453125
-1;27300;RAINFOREST_RESIN;9996;2;9995;29;;;10004;2;10005;29;;;10000.0;551.0
-1;27400;RAINFOREST_RESIN;9995;21;;;;;10005;21;;;;;10000.0;551.0
-1;27400;KELP;2023;21;;;;;2026;21;;;;;2024.5;128.390625
-1;27500;KELP;2023;23;;;;;2025;6;2026;23;;;2024.0;127.421875
-1;27500;RAINFOREST_RESIN;9996;1;9995;22;;;10004;1;10005;22;;;10000.0;551.0
-1;27600;RAINFOREST_RESIN;9998;5;9995;24;;;10005;24;;;;;10001.5;551.0
-1;27600;KELP;2023;30;;;;;2026;24;;;;;2024.5;130.12109375
-1;27700;KELP;2023;19;;;;;2026;24;;;;;2024.5;129.125
-1;27700;RAINFOREST_RESIN;9995;24;;;;;10005;24;;;;;10000.0;551.0
-1;27800;RAINFOREST_RESIN;9998;9;9996;2;9995;26;10004;2;10005;26;;;10001.0;551.0
-1;27800;KELP;2023;28;;;;;2025;3;2026;28;;;2024.0;126.3984375
-1;27900;KELP;2025;1;2023;29;;;2026;29;;;;;2025.5;127.98828125
-1;27900;RAINFOREST_RESIN;9996;2;9995;27;;;10002;4;10004;2;10005;27;9999.0;551.0
-1;28000;RAINFOREST_RESIN;9998;2;9995;28;;;10005;28;;;;;10001.5;551.0
-1;28000;KELP;2023;28;;;;;2026;28;;;;;2024.5;126.171875
-1;28100;KELP;2023;26;;;;;2026;26;;;;;2024.5;128.18359375
-1;28100;RAINFOREST_RESIN;9996;2;9995;24;;;10004;2;10005;24;;;10000.0;551.0
-1;28200;RAINFOREST_RESIN;9996;1;9995;25;;;9998;2;10004;1;10005;25;9997.0;551.0
-1;28200;KELP;2023;26;;;;;2025;5;2026;1;2027;25;2024.0;123.0546875
-1;28300;KELP;2023;24;;;;;2024;2;2027;24;;;2023.5;121.99609375
-1;28300;RAINFOREST_RESIN;9996;1;9995;23;;;10004;1;10005;23;;;10000.0;555.0
-1;28400;RAINFOREST_RESIN;9996;2;9995;23;;;10004;2;10005;23;;;10000.0;555.0
-1;28400;KELP;2023;24;;;;;2027;25;;;;;2025.0;125.03125
-1;28500;KELP;2023;23;;;;;2027;23;;;;;2025.0;121.9296875
-1;28500;RAINFOREST_RESIN;9998;10;9995;23;;;10005;23;;;;;10001.5;555.0
-1;28600;RAINFOREST_RESIN;10002;1;9996;2;9995;21;10004;2;10005;21;;;10003.0;555.0
-1;28600;KELP;2023;23;;;;;2025;8;2027;23;;;2024.0;121.68359375
-1;28700;RAINFOREST_RESIN;9995;30;;;;;10005;30;;;;;10000.0;557.0
-1;28700;KELP;2023;30;;;;;2027;30;;;;;2025.0;120.50390625
-1;28800;RAINFOREST_RESIN;9995;27;;;;;10005;27;;;;;10000.0;557.0
-1;28800;KELP;2024;27;;;;;2027;27;;;;;2025.5;116.90625
-1;28900;KELP;2024;26;;;;;2027;22;;;;;2025.5;109.9609375
-1;28900;RAINFOREST_RESIN;9998;7;9996;1;9995;21;10004;1;10005;21;;;10001.0;557.0
-1;29000;KELP;2024;23;;;;;2027;24;;;;;2025.5;114.71484375
-1;29000;RAINFOREST_RESIN;9995;24;;;;;10005;24;;;;;10000.0;557.0
-1;29100;RAINFOREST_RESIN;9996;2;9995;26;;;10004;2;10005;26;;;10000.0;581.0
-1;29100;KELP;2024;31;;;;;2027;28;;;;;2025.5;112.58984375
-1;29200;RAINFOREST_RESIN;9996;1;9995;30;;;10004;1;10005;30;;;10000.0;581.0
-1;29200;KELP;2026;1;2024;31;;;2027;31;;;;;2026.5;114.04296875
-1;29300;KELP;2024;32;;;;;2026;2;2027;32;;;2025.0;114.0546875
-1;29300;RAINFOREST_RESIN;9996;2;9995;30;;;10002;3;10004;2;10005;30;9999.0;581.0
-1;29400;KELP;2024;25;;;;;2027;26;;;;;2025.5;119.0859375
-1;29400;RAINFOREST_RESIN;10002;1;9996;1;9995;25;10004;1;10005;25;;;10003.0;581.0
-1;29500;RAINFOREST_RESIN;9996;2;9995;27;;;10004;2;10005;27;;;10000.0;583.0
-1;29500;KELP;2024;31;;;;;2027;29;;;;;2025.5;118.5234375
-1;29600;RAINFOREST_RESIN;9996;2;9995;28;;;10004;2;10005;28;;;10000.0;583.0
-1;29600;KELP;2024;2;2023;28;;;2025;3;2027;30;;;2024.5;128.3046875
-1;29700;KELP;2024;28;;;;;2027;26;;;;;2025.5;112.84765625
-1;29700;RAINFOREST_RESIN;9996;1;9995;25;;;10002;4;10004;1;10005;25;9999.0;583.0
-1;29800;KELP;2024;31;;;;;2026;1;2027;1;2028;30;2025.0;110.46484375
-1;29800;RAINFOREST_RESIN;9998;6;9996;1;9995;30;10004;1;10005;30;;;10001.0;583.0
-1;29900;RAINFOREST_RESIN;9995;21;;;;;10005;21;;;;;10000.0;583.0
-1;29900;KELP;2025;8;2024;21;;;2028;21;;;;;2026.5;108.62109375
-1;30000;RAINFOREST_RESIN;9998;3;9996;1;9995;30;10004;1;10005;30;;;10001.0;583.0
-1;30000;KELP;2024;31;;;;;2028;31;;;;;2026.0;106.0234375
-1;30100;KELP;2024;30;;;;;2027;30;;;;;2025.5;113.1640625
-1;30100;RAINFOREST_RESIN;9996;2;9995;28;;;10004;2;10005;28;;;10000.0;585.0
-1;30200;KELP;2024;22;;;;;2027;22;;;;;2025.5;111.08984375
-1;30200;RAINFOREST_RESIN;9996;2;9995;20;;;10004;2;10005;20;;;10000.0;585.0
-1;30300;RAINFOREST_RESIN;9996;2;9995;29;;;10002;9;10004;2;10005;29;9999.0;585.0
-1;30300;KELP;2026;1;2024;31;;;2027;31;;;;;2026.5;118.25
-1;30400;RAINFOREST_RESIN;10000;5;9996;2;9995;29;10002;8;10004;2;10005;29;10001.0;585.0
-1;30400;KELP;2025;5;2024;31;;;2027;31;;;;;2026.0;124.328125
-1;30500;KELP;2024;22;;;;;2027;22;;;;;2025.5;133.9609375
-1;30500;RAINFOREST_RESIN;9998;5;9996;2;9995;20;10004;2;10005;20;;;10001.0;585.0
-1;30600;KELP;2024;1;2023;20;;;2027;22;;;;;2025.5;136.328125
-1;30600;RAINFOREST_RESIN;9996;2;9995;20;;;10002;4;10004;2;10005;20;9999.0;585.0
-1;30700;RAINFOREST_RESIN;9995;30;;;;;10005;30;;;;;10000.0;585.0
-1;30700;KELP;2024;30;;;;;2027;30;;;;;2025.5;134.7109375
-1;30800;RAINFOREST_RESIN;9996;1;9995;30;;;10004;1;10005;30;;;10000.0;585.0
-1;30800;KELP;2024;4;2023;30;;;2027;31;;;;;2025.5;136.2890625
-1;30900;KELP;2023;30;;;;;2025;7;2026;30;;;2024.0;158.7421875
-1;30900;RAINFOREST_RESIN;9996;2;9995;28;;;10002;6;10004;2;10005;28;9999.0;585.0
-1;31000;KELP;2024;4;2023;30;;;2026;23;;;;;2025.0;153.76171875
-1;31000;RAINFOREST_RESIN;10000;4;9996;1;9995;22;10004;1;10005;22;;;10002.0;585.0
-1;31100;RAINFOREST_RESIN;9996;2;9995;27;;;10004;2;10005;27;;;10000.0;585.0
-1;31100;KELP;2023;29;;;;;2026;2;2027;27;;;2024.5;150.484375
-1;31200;RAINFOREST_RESIN;9996;2;9995;29;;;10002;6;10004;2;10005;29;9999.0;585.0
-1;31200;KELP;2023;31;;;;;2026;31;;;;;2024.5;151.51953125
-1;31300;KELP;2023;24;;;;;2026;24;;;;;2024.5;152.4140625
-1;31300;RAINFOREST_RESIN;9996;1;9995;23;;;10004;1;10005;23;;;10000.0;585.0
-1;31400;KELP;2023;26;;;;;2026;26;;;;;2024.5;165.8515625
-1;31400;RAINFOREST_RESIN;9995;26;;;;;9998;1;10005;26;;;9996.5;585.0
-1;31500;RAINFOREST_RESIN;9995;30;;;;;10005;30;;;;;10000.0;587.0
-1;31500;KELP;2023;35;;;;;2026;30;;;;;2024.5;164.69921875
-1;31600;RAINFOREST_RESIN;9995;27;;;;;10005;27;;;;;10000.0;587.0
-1;31600;KELP;2025;1;2023;27;;;2026;27;;;;;2025.5;162.921875
-1;31700;KELP;2023;24;;;;;2025;3;2026;24;;;2024.0;162.796875
-1;31700;RAINFOREST_RESIN;9996;2;9995;22;;;10004;2;10005;22;;;10000.0;587.0
-1;31800;KELP;2024;6;2023;26;;;2026;1;2027;25;;;2025.0;159.53125
-1;31800;RAINFOREST_RESIN;10000;6;9996;1;9995;25;10004;1;10005;25;;;10002.0;587.0
-1;31900;RAINFOREST_RESIN;9998;3;9995;28;;;10005;28;;;;;10001.5;587.0
-1;31900;KELP;2024;4;2023;28;;;2027;28;;;;;2025.5;159.265625
-1;32000;RAINFOREST_RESIN;9996;1;9995;24;;;10004;1;10005;24;;;10000.0;595.0
-1;32000;KELP;2024;2;2023;25;;;2026;1;2027;24;;;2025.0;160.43359375
-1;32100;KELP;2023;29;;;;;2026;29;;;;;2024.5;166.890625
-1;32100;RAINFOREST_RESIN;9996;1;9995;28;;;10004;1;10005;28;;;10000.0;595.0
-1;32200;KELP;2023;28;;;;;2027;28;;;;;2025.0;158.0703125
-1;32200;RAINFOREST_RESIN;9996;1;9995;27;;;10004;1;10005;27;;;10000.0;595.0
-1;32300;RAINFOREST_RESIN;9995;25;;;;;10005;25;;;;;10000.0;595.0
-1;32300;KELP;2023;25;;;;;2026;25;;;;;2024.5;163.80078125
-1;32400;RAINFOREST_RESIN;9996;1;9995;30;;;10004;1;10005;30;;;10000.0;595.0
-1;32400;KELP;2023;30;;;;;2026;1;2027;30;;;2024.5;160.76953125
-1;32500;KELP;2023;21;;;;;2025;5;2027;22;;;2024.0;158.16796875
-1;32500;RAINFOREST_RESIN;9998;1;9996;1;9995;21;10004;1;10005;21;;;10001.0;595.0
-1;32600;KELP;2023;30;;;;;2027;30;;;;;2025.0;156.94140625
-1;32600;RAINFOREST_RESIN;10002;1;9995;30;;;10005;30;;;;;10003.5;595.0
-1;32700;RAINFOREST_RESIN;9996;2;9995;22;;;10004;2;10005;22;;;10000.0;605.0
-1;32700;KELP;2023;24;;;;;2026;2;2027;22;;;2024.5;160.99609375
-1;32800;RAINFOREST_RESIN;9996;2;9995;28;;;10004;2;10005;28;;;10000.0;605.0
-1;32800;KELP;2023;30;;;;;2026;2;2027;28;;;2024.5;161.37890625
-1;32900;KELP;2023;29;;;;;2026;2;2027;27;;;2024.5;162.578125
-1;32900;RAINFOREST_RESIN;9996;2;9995;27;;;10004;2;10005;27;;;10000.0;632.0
-1;33000;KELP;2025;1;2023;30;;;2026;30;;;;;2025.5;164.453125
-1;33000;RAINFOREST_RESIN;9996;2;9995;28;;;10004;2;10005;28;;;10000.0;632.0
-1;33100;RAINFOREST_RESIN;9996;1;9995;28;;;10004;1;10005;28;;;10000.0;632.0
-1;33100;KELP;2023;28;;;;;2025;3;2026;29;;;2024.0;164.56640625
-1;33200;RAINFOREST_RESIN;9996;1;9995;20;;;10002;7;10004;1;10005;20;9999.0;632.0
-1;33200;KELP;2023;20;;;;;2024;10;2026;1;2027;20;2023.5;161.3125
-1;33300;KELP;2024;1;2023;20;;;2027;21;;;;;2025.5;167.466796875
-1;33300;RAINFOREST_RESIN;9996;1;9995;20;;;10004;1;10005;20;;;10000.0;632.0
-1;33400;KELP;2023;32;;;;;2027;32;;;;;2025.0;168.466796875
-1;33400;RAINFOREST_RESIN;9996;2;9995;30;;;10002;3;10004;2;10005;30;9999.0;632.0
-1;33500;RAINFOREST_RESIN;9996;1;9995;20;;;10004;1;10005;20;;;10000.0;632.0
-1;33500;KELP;2023;21;;;;;2026;21;;;;;2024.5;172.08203125
-1;33600;RAINFOREST_RESIN;10002;6;9995;27;;;10005;27;;;;;10003.5;635.0
-1;33600;KELP;2023;27;;;;;2026;27;;;;;2024.5;173.06640625
-1;33700;KELP;2023;32;;;;;2026;28;;;;;2024.5;173.984375
-1;33700;RAINFOREST_RESIN;9996;1;9995;27;;;10002;1;10004;1;10005;27;9999.0;647.0
-1;33800;KELP;2024;3;2023;31;;;2026;26;;;;;2025.0;175.376953125
-1;33800;RAINFOREST_RESIN;9996;1;9995;25;;;10004;1;10005;25;;;10000.0;647.0
-1;33900;RAINFOREST_RESIN;9995;24;;;;;10005;24;;;;;10000.0;647.0
-1;33900;KELP;2023;24;;;;;2026;24;;;;;2024.5;173.984375
-1;34000;RAINFOREST_RESIN;10002;1;9995;30;;;10005;30;;;;;10003.5;647.0
-1;34000;KELP;2023;29;;;;;2025;8;2026;30;;;2024.0;173.54296875
-1;34100;KELP;2023;25;;;;;2026;23;;;;;2024.5;174.78515625
-1;34100;RAINFOREST_RESIN;9996;1;9995;22;;;10004;1;10005;22;;;10000.0;649.0
-1;34200;KELP;2022;23;;;;;2024;1;2026;23;;;2023.0;177.8984375
-1;34200;RAINFOREST_RESIN;9995;23;;;;;10005;23;;;;;10000.0;658.0
-1;34300;RAINFOREST_RESIN;10002;1;9996;1;9995;22;10004;1;10005;22;;;10003.0;658.0
-1;34300;KELP;2022;23;;;;;2026;23;;;;;2024.0;186.8990478515625
-1;34400;RAINFOREST_RESIN;9996;2;9995;23;;;10004;2;10005;23;;;10000.0;660.0
-1;34400;KELP;2023;3;2022;25;;;2025;2;2026;23;;;2024.0;186.876953125
-1;34500;KELP;2022;30;;;;;2023;5;2024;1;2026;30;2022.5;186.8848876953125
-1;34500;RAINFOREST_RESIN;9995;30;;;;;10005;30;;;;;10000.0;660.0
-1;34600;KELP;2022;29;;;;;2023;1;2026;29;;;2022.5;192.470703125
-1;34600;RAINFOREST_RESIN;9995;29;;;;;10005;29;;;;;10000.0;660.0
-1;34700;RAINFOREST_RESIN;9998;6;9995;24;;;10005;24;;;;;10001.5;660.0
-1;34700;KELP;2023;24;;;;;2026;24;;;;;2024.5;194.5615234375
-1;34800;RAINFOREST_RESIN;9996;2;9995;23;;;10004;2;10005;23;;;10000.0;660.0
-1;34800;KELP;2023;2;2022;23;;;2026;25;;;;;2024.5;193.87109375
-1;34900;KELP;2023;21;;;;;2026;21;;;;;2024.5;194.7255859375
-1;34900;RAINFOREST_RESIN;9996;1;9995;20;;;10004;1;10005;20;;;10000.0;660.0
-1;35000;RAINFOREST_RESIN;10002;1;9995;20;;;10005;20;;;;;10003.5;660.0
-1;35000;KELP;2025;1;2023;20;;;2026;20;;;;;2025.5;198.494140625
-1;35100;KELP;2023;31;;;;;2026;31;;;;;2024.5;196.9384765625
-1;35100;RAINFOREST_RESIN;10002;3;9996;2;9995;29;10004;2;10005;29;;;10003.0;662.0
-1;35200;RAINFOREST_RESIN;9996;2;9995;28;;;10002;10;10004;2;10005;28;9999.0;668.0
-1;35200;KELP;2023;33;;;;;2026;30;;;;;2024.5;197.9580078125
-1;35300;KELP;2023;20;;;;;2026;28;;;;;2024.5;195.9501953125
-1;35300;RAINFOREST_RESIN;9998;6;9996;1;9995;27;10004;1;10005;27;;;10001.0;668.0
-1;35400;RAINFOREST_RESIN;10002;3;9995;25;;;10005;25;;;;;10003.5;668.0
-1;35400;KELP;2025;1;2023;27;;;2026;25;;;;;2025.5;195.7021484375
-1;35500;KELP;2023;28;;;;;2026;28;;;;;2024.5;196.6181640625
-1;35500;RAINFOREST_RESIN;9996;2;9995;26;;;10004;2;10005;26;;;10000.0;674.0
-1;35600;RAINFOREST_RESIN;9995;26;;;;;10005;26;;;;;10000.0;674.0
-1;35600;KELP;2023;26;;;;;2026;26;;;;;2024.5;196.2568359375
-1;35700;KELP;2023;29;;;;;2026;29;;;;;2024.5;196.767578125
-1;35700;RAINFOREST_RESIN;9996;2;9995;27;;;10004;2;10005;27;;;10000.0;674.0
-1;35800;RAINFOREST_RESIN;9998;7;9996;1;9995;30;10004;1;10005;30;;;10001.0;674.0
-1;35800;KELP;2023;29;;;;;2026;31;;;;;2024.5;196.6630859375
-1;35900;KELP;2023;2;2022;21;;;2026;23;;;;;2024.5;195.6865234375
-1;35900;RAINFOREST_RESIN;9996;2;9995;21;;;10004;2;10005;21;;;10000.0;674.0
-1;36000;RAINFOREST_RESIN;9995;30;;;;;10002;5;10005;30;;;9998.5;674.0
-1;36000;KELP;2022;30;;;;;2024;3;2026;30;;;2023.0;195.7080078125
-1;36100;KELP;2022;26;;;;;2025;2;2026;24;;;2023.5;194.3173828125
-1;36100;RAINFOREST_RESIN;10002;8;9996;2;9995;24;10004;2;10005;24;;;10003.0;674.0
-1;36200;RAINFOREST_RESIN;9996;1;9995;29;;;9998;1;10004;1;10005;29;9997.0;690.0
-1;36200;KELP;2022;30;;;;;2025;1;2026;29;;;2023.5;194.361328125
-1;36300;KELP;2022;22;;;;;2024;6;2025;22;;;2023.0;193.888671875
-1;36300;RAINFOREST_RESIN;9996;1;9995;21;;;10004;1;10005;21;;;10000.0;692.0
-1;36400;RAINFOREST_RESIN;9998;1;9996;1;9995;20;10004;1;10005;20;;;10001.0;692.0
-1;36400;KELP;2024;1;2023;3;2022;21;2025;1;2026;20;;;2024.5;194.0908203125
-1;36500;KELP;2022;25;;;;;2023;2;2025;25;;;2022.5;193.58056640625
-1;36500;RAINFOREST_RESIN;9995;25;;;;;10005;25;;;;;10000.0;692.0
-1;36600;RAINFOREST_RESIN;9996;1;9995;28;;;10004;1;10005;28;;;10000.0;692.0
-1;36600;KELP;2022;29;;;;;2025;29;;;;;2023.5;195.525390625
-1;36700;KELP;2021;21;;;;;2025;21;;;;;2023.0;190.2294921875
-1;36700;RAINFOREST_RESIN;9995;21;;;;;10005;21;;;;;10000.0;692.0
-1;36800;RAINFOREST_RESIN;9995;30;;;;;10005;30;;;;;10000.0;692.0
-1;36800;KELP;2021;30;;;;;2025;30;;;;;2023.0;190.6865234375
-1;36900;KELP;2021;27;;;;;2024;27;;;;;2022.5;186.908203125
-1;36900;RAINFOREST_RESIN;9996;1;9995;26;;;10004;1;10005;26;;;10000.0;692.0
-1;37000;RAINFOREST_RESIN;9996;2;9995;23;;;10004;2;10005;23;;;10000.0;692.0
-1;37000;KELP;2020;25;;;;;2024;25;;;;;2022.0;184.6259765625
-1;37100;KELP;2021;27;;;;;2024;23;;;;;2022.5;188.4462890625
-1;37100;RAINFOREST_RESIN;9996;2;9995;21;;;10004;2;10005;21;;;10000.0;692.0
-1;37200;RAINFOREST_RESIN;9996;1;9995;20;;;10004;1;10005;20;;;10000.0;692.0
-1;37200;KELP;2021;25;;;;;2024;21;;;;;2022.5;188.078125
-1;37300;KELP;2022;4;2021;28;;;2024;1;2025;27;;;2023.0;189.8701171875
-1;37300;RAINFOREST_RESIN;9996;1;9995;27;;;9998;10;10002;4;10004;1;9997.0;692.0
-1;37400;RAINFOREST_RESIN;10002;1;9998;2;9995;30;10005;30;;;;;10003.5;712.0
-1;37400;KELP;2021;30;;;;;2024;30;;;;;2022.5;189.2744140625
-1;37500;KELP;2020;27;;;;;2024;27;;;;;2022.0;185.0029296875
-1;37500;RAINFOREST_RESIN;9996;2;9995;25;;;10004;2;10005;25;;;10000.0;714.0
-1;37600;KELP;2020;22;;;;;2024;22;;;;;2022.0;185.0029296875
-1;37600;RAINFOREST_RESIN;9995;22;;;;;10002;7;10005;22;;;9998.5;717.0
-1;37700;RAINFOREST_RESIN;9996;1;9995;23;;;10004;1;10005;23;;;10000.0;717.0
-1;37700;KELP;2020;24;;;;;2024;24;;;;;2022.0;185.2900390625
-1;37800;RAINFOREST_RESIN;9995;25;;;;;10005;25;;;;;10000.0;717.0
-1;37800;KELP;2020;24;;;;;2024;25;;;;;2022.0;184.6005859375
-1;37900;KELP;2019;25;;;;;2023;25;;;;;2021.0;178.96875
-1;37900;RAINFOREST_RESIN;9995;25;;;;;10005;25;;;;;10000.0;717.0
-1;38000;KELP;2019;32;;;;;2021;4;2023;32;;;2020.0;178.9072265625
-1;38000;RAINFOREST_RESIN;10002;1;9996;2;9995;30;10004;2;10005;30;;;10003.0;717.0
-1;38100;RAINFOREST_RESIN;9996;2;9995;26;;;10002;2;10004;2;10005;26;9999.0;719.0
-1;38100;KELP;2019;28;;;;;2022;2;2023;26;;;2020.5;177.8916015625
-1;38200;RAINFOREST_RESIN;9996;1;9995;27;;;10004;1;10005;27;;;10000.0;719.0
-1;38200;KELP;2019;28;;;;;2023;28;;;;;2021.0;179.69140625
-1;38300;KELP;2019;26;;;;;2022;26;;;;;2020.5;177.1728515625
-1;38300;RAINFOREST_RESIN;9998;5;9995;26;;;10005;26;;;;;10001.5;719.0
-1;38400;KELP;2019;24;;;;;2020;6;2022;24;;;2019.5;176.8720703125
-1;38400;RAINFOREST_RESIN;9996;1;9995;23;;;10000;6;10004;1;10005;23;9998.0;719.0
-1;38500;RAINFOREST_RESIN;10002;1;9995;21;;;10005;21;;;;;10003.5;719.0
-1;38500;KELP;2019;21;;;;;2022;21;;;;;2020.5;179.25390625
-1;38600;RAINFOREST_RESIN;9996;2;9995;28;;;10004;2;10005;28;;;10000.0;721.0
-1;38600;KELP;2019;30;;;;;2022;30;;;;;2020.5;179.94140625
-1;38700;KELP;2019;20;;;;;2022;20;;;;;2020.5;181.1640625
-1;38700;RAINFOREST_RESIN;9995;20;;;;;10005;20;;;;;10000.0;724.0
-1;38800;KELP;2019;21;;;;;2020;2;2021;1;2022;21;2019.5;181.1953125
-1;38800;RAINFOREST_RESIN;9996;1;9995;20;;;10002;1;10004;1;10005;20;9999.0;724.0
-1;38900;RAINFOREST_RESIN;9996;2;9995;30;;;10004;2;10005;30;;;10000.0;748.0
-1;38900;KELP;2019;32;;;;;2021;7;2022;2;2023;30;2020.0;184.771484375
-1;39000;RAINFOREST_RESIN;9995;23;;;;;10002;9;10005;23;;;9998.5;748.0
-1;39000;KELP;2019;23;;;;;2023;23;;;;;2021.0;187.93359375
-1;39100;KELP;2020;25;;;;;2023;25;;;;;2021.5;195.251953125
-1;39100;RAINFOREST_RESIN;9998;8;9996;1;9995;24;10004;1;10005;24;;;10001.0;748.0
-1;39200;KELP;2020;30;;;;;2022;2;2023;30;;;2021.0;196.93359375
-1;39200;RAINFOREST_RESIN;9996;1;9995;29;;;10004;1;10005;29;;;10000.0;748.0
-1;39300;RAINFOREST_RESIN;9995;27;;;;;10005;27;;;;;10000.0;748.0
-1;39300;KELP;2020;27;;;;;2023;27;;;;;2021.5;199.33203125
-1;39400;RAINFOREST_RESIN;9996;1;9995;30;;;10004;1;10005;30;;;10000.0;748.0
-1;39400;KELP;2020;31;;;;;2022;5;2023;31;;;2021.0;193.77734375
-1;39500;KELP;2019;27;;;;;2021;3;2022;27;;;2020.0;180.931640625
-1;39500;RAINFOREST_RESIN;9995;27;;;;;9998;1;10002;2;10005;27;9996.5;751.0
-1;39600;KELP;2021;4;2019;23;;;2023;23;;;;;2022.0;186.255859375
-1;39600;RAINFOREST_RESIN;9995;23;;;;;10005;23;;;;;10000.0;753.0
-1;39700;RAINFOREST_RESIN;9996;2;9995;22;;;10004;2;10005;22;;;10000.0;753.0
-1;39700;KELP;2019;28;;;;;2022;2;2023;22;;;2020.5;185.650390625
-1;39800;RAINFOREST_RESIN;9996;1;9995;27;;;10004;1;10005;27;;;10000.0;753.0
-1;39800;KELP;2019;28;;;;;2022;1;2023;27;;;2020.5;185.57421875
-1;39900;KELP;2019;31;;;;;2022;31;;;;;2020.5;182.30078125
-1;39900;RAINFOREST_RESIN;9996;1;9995;30;;;10002;4;10004;1;10005;30;9999.0;753.0
-1;40000;KELP;2018;22;;;;;2022;22;;;;;2020.0;178.248046875
-1;40000;RAINFOREST_RESIN;9995;22;;;;;10005;22;;;;;10000.0;753.0
-1;40100;RAINFOREST_RESIN;9996;2;9995;29;;;10002;8;10004;2;10005;29;9999.0;753.0
-1;40100;KELP;2019;31;;;;;2022;31;;;;;2020.5;182.123046875
-1;40200;RAINFOREST_RESIN;9996;1;9995;28;;;10004;1;10005;28;;;10000.0;753.0
-1;40200;KELP;2019;1;2018;28;;;2022;29;;;;;2020.5;178.041015625
-1;40300;KELP;2019;22;;;;;2022;22;;;;;2020.5;179.701171875
-1;40300;RAINFOREST_RESIN;9995;22;;;;;9998;1;10005;22;;;9996.5;753.0
-1;40400;KELP;2018;24;;;;;2022;24;;;;;2020.0;176.728515625
-1;40400;RAINFOREST_RESIN;9996;1;9995;23;;;10004;1;10005;23;;;10000.0;755.0
-1;40500;RAINFOREST_RESIN;10002;1;9996;2;9995;27;10004;2;10005;27;;;10003.0;755.0
-1;40500;KELP;2019;1;2018;27;;;2022;29;;;;;2020.5;177.59765625
-1;40600;RAINFOREST_RESIN;9996;2;9995;24;;;10004;2;10005;24;;;10000.0;757.0
-1;40600;KELP;2019;4;2018;26;;;2022;26;;;;;2020.5;175.96875
-1;40700;KELP;2018;22;;;;;2021;22;;;;;2019.5;169.2109375
-1;40700;RAINFOREST_RESIN;9998;7;9996;2;9995;20;10004;2;10005;20;;;10001.0;757.0
-1;40800;KELP;2018;27;;;;;2021;27;;;;;2019.5;172.0
-1;40800;RAINFOREST_RESIN;9995;27;;;;;10005;27;;;;;10000.0;757.0
-1;40900;RAINFOREST_RESIN;9998;10;9996;2;9995;26;10004;2;10005;26;;;10001.0;757.0
-1;40900;KELP;2017;28;;;;;2021;28;;;;;2019.0;164.900390625
-1;41000;RAINFOREST_RESIN;9995;21;;;;;10002;10;10005;21;;;9998.5;790.0
-1;41000;KELP;2018;20;;;;;2020;3;2021;21;;;2019.0;172.75390625
-1;41100;KELP;2018;24;;;;;2021;27;;;;;2019.5;172.130859375
-1;41100;RAINFOREST_RESIN;9995;27;;;;;10005;27;;;;;10000.0;790.0
-1;41200;KELP;2018;29;;;;;2021;29;;;;;2019.5;171.943359375
-1;41200;RAINFOREST_RESIN;9995;29;;;;;10005;29;;;;;10000.0;790.0
-1;41300;RAINFOREST_RESIN;9998;2;9996;1;9995;24;10004;1;10005;24;;;10001.0;790.0
-1;41300;KELP;2017;25;;;;;2019;4;2021;25;;;2018.0;165.068359375
-1;41400;RAINFOREST_RESIN;9998;5;9996;2;9995;23;10000;4;10004;2;10005;23;9999.0;790.0
-1;41400;KELP;2017;25;;;;;2018;4;2019;5;2020;25;2017.5;155.99609375
-1;41500;KELP;2017;22;;;;;2019;1;2021;22;;;2018.0;167.734375
-1;41500;RAINFOREST_RESIN;9998;8;9996;2;9995;20;10004;2;10005;20;;;10001.0;790.0
-1;41600;KELP;2017;23;;;;;2019;7;2020;1;2021;22;2018.0;166.53515625
-1;41600;RAINFOREST_RESIN;9996;1;9995;22;;;10004;1;10005;22;;;10000.0;790.0
-1;41700;RAINFOREST_RESIN;10000;5;9995;21;;;10005;21;;;;;10002.5;790.0
-1;41700;KELP;2019;4;2017;21;;;2021;21;;;;;2020.0;169.69140625
-1;41800;RAINFOREST_RESIN;9996;2;9995;22;;;10004;2;10005;22;;;10000.0;790.0
-1;41800;KELP;2018;24;;;;;2021;24;;;;;2019.5;174.9609375
-1;41900;KELP;2018;22;;;;;2020;1;2021;22;;;2019.0;175.615234375
-1;41900;RAINFOREST_RESIN;9996;1;9995;21;;;9998;4;10004;1;10005;21;9997.0;790.0
-1;42000;KELP;2018;31;;;;;2020;5;2021;32;;;2019.0;178.0
-1;42000;RAINFOREST_RESIN;9996;2;9995;30;;;10004;2;10005;30;;;10000.0;798.0
-1;42100;RAINFOREST_RESIN;9998;8;9996;2;9995;21;10004;2;10005;21;;;10001.0;798.0
-1;42100;KELP;2018;23;;;;;2021;2;2022;21;;;2019.5;180.568359375
-1;42200;RAINFOREST_RESIN;10002;1;9995;28;;;10005;28;;;;;10003.5;798.0
-1;42200;KELP;2018;28;;;;;2022;28;;;;;2020.0;180.93359375
-1;42300;KELP;2018;20;;;;;2019;7;2020;2;2022;20;2018.5;181.333984375
-1;42300;RAINFOREST_RESIN;9995;20;;;;;10005;20;;;;;10000.0;800.0
-1;42400;KELP;2019;30;;;;;2022;31;;;;;2020.5;193.0546875
-1;42400;RAINFOREST_RESIN;9996;2;9995;29;;;10004;2;10005;29;;;10000.0;800.0
-1;42500;RAINFOREST_RESIN;9995;24;;;;;10002;3;10005;24;;;9998.5;800.0
-1;42500;KELP;2019;24;;;;;2022;24;;;;;2020.5;192.640625
-1;42600;RAINFOREST_RESIN;9995;26;;;;;10005;26;;;;;10000.0;822.0
-1;42600;KELP;2019;26;;;;;2022;26;;;;;2020.5;194.46484375
-1;42700;KELP;2018;26;;;;;2022;26;;;;;2020.0;189.2890625
-1;42700;RAINFOREST_RESIN;9995;26;;;;;10005;26;;;;;10000.0;830.0
-1;42800;KELP;2019;30;;;;;2022;30;;;;;2020.5;193.671875
-1;42800;RAINFOREST_RESIN;9995;30;;;;;10005;30;;;;;10000.0;830.0
-1;42900;RAINFOREST_RESIN;9995;25;;;;;10005;25;;;;;10000.0;830.0
-1;42900;KELP;2019;25;;;;;2022;25;;;;;2020.5;197.8203125
-1;43000;RAINFOREST_RESIN;9995;23;;;;;10005;23;;;;;10000.0;838.0
-1;43000;KELP;2020;2;2019;23;;;2023;23;;;;;2021.5;206.630859375
-1;43100;KELP;2020;21;;;;;2023;21;;;;;2021.5;212.35546875
-1;43100;RAINFOREST_RESIN;9995;21;;;;;10005;21;;;;;10000.0;838.0
-1;43200;KELP;2019;21;;;;;2023;21;;;;;2021.0;208.359375
-1;43200;RAINFOREST_RESIN;9996;1;9995;20;;;10004;1;10005;20;;;10000.0;838.0
-1;43300;RAINFOREST_RESIN;9996;1;9995;24;;;10004;1;10005;24;;;10000.0;838.0
-1;43300;KELP;2019;25;;;;;2021;2;2023;25;;;2020.0;208.26953125
-1;43400;RAINFOREST_RESIN;9996;2;9995;22;;;10004;2;10005;22;;;10000.0;838.0
-1;43400;KELP;2021;4;2020;24;;;2023;24;;;;;2022.0;210.548828125
-1;43500;KELP;2020;22;;;;;2022;7;2023;23;;;2021.0;210.517578125
-1;43500;RAINFOREST_RESIN;9998;7;9995;23;;;10005;23;;;;;10001.5;838.0
-1;43600;KELP;2020;5;2019;21;;;2023;23;;;;;2021.5;209.001953125
-1;43600;RAINFOREST_RESIN;9996;2;9995;21;;;10002;9;10004;2;10005;21;9999.0;838.0
-1;43700;KELP;2020;24;;;;;2023;24;;;;;2021.5;210.11328125
-1;43700;RAINFOREST_RESIN;9996;1;9995;23;;;10004;1;10005;23;;;10000.0;838.0
-1;43800;RAINFOREST_RESIN;9996;2;9995;26;;;10004;2;10005;26;;;10000.0;838.0
-1;43800;KELP;2020;35;;;;;2023;28;;;;;2021.5;211.93359375
-1;43900;KELP;2020;36;;;;;2023;30;;;;;2021.5;209.734375
-1;43900;RAINFOREST_RESIN;10002;4;9998;2;9996;1;10004;1;10005;29;;;10003.0;838.0
-1;44000;RAINFOREST_RESIN;9996;2;9995;20;;;10004;2;10005;20;;;10000.0;846.0
-1;44000;KELP;2020;22;;;;;2022;3;2023;22;;;2021.0;212.1015625
-1;44100;KELP;2019;24;;;;;2023;24;;;;;2021.0;206.20703125
-1;44100;RAINFOREST_RESIN;9995;24;;;;;9998;1;10002;2;10005;24;9996.5;846.0
-1;44200;RAINFOREST_RESIN;9995;21;;;;;10005;21;;;;;10000.0;848.0
-1;44200;KELP;2019;21;;;;;2023;21;;;;;2021.0;205.630859375
-1;44300;KELP;2019;27;;;;;2023;27;;;;;2021.0;206.45703125
-1;44300;RAINFOREST_RESIN;9995;27;;;;;10005;27;;;;;10000.0;848.0
-1;44400;RAINFOREST_RESIN;9998;7;9995;28;;;10005;28;;;;;10001.5;848.0
-1;44400;KELP;2018;28;;;;;2022;28;;;;;2020.0;196.623046875
-1;44500;KELP;2021;1;2019;2;2018;21;2022;21;;;;;2021.5;197.1328125
-1;44500;RAINFOREST_RESIN;9995;21;;;;;10005;21;;;;;10000.0;848.0
-1;44600;RAINFOREST_RESIN;9996;1;9995;23;;;10004;1;10005;23;;;10000.0;848.0
-1;44600;KELP;2019;24;;;;;2022;24;;;;;2020.5;199.94140625
-1;44700;KELP;2019;29;;;;;2022;29;;;;;2020.5;199.427734375
-1;44700;RAINFOREST_RESIN;9995;29;;;;;10002;10;10005;29;;;9998.5;848.0
-1;44800;RAINFOREST_RESIN;9995;29;;;;;9998;1;10002;10;10005;29;9996.5;848.0
-1;44800;KELP;2018;29;;;;;2022;29;;;;;2020.0;197.21875
-1;44900;KELP;2019;1;2018;26;;;2022;26;;;;;2020.5;196.41015625
-1;44900;RAINFOREST_RESIN;9996;1;9995;25;;;10004;1;10005;25;;;10000.0;850.0
-1;45000;RAINFOREST_RESIN;10002;1;9996;2;9995;24;10004;2;10005;24;;;10003.0;850.0
-1;45000;KELP;2018;26;;;;;2022;26;;;;;2020.0;196.626953125
-1;45100;KELP;2019;27;;;;;2021;5;2022;27;;;2020.0;199.015625
-1;45100;RAINFOREST_RESIN;9996;1;9995;26;;;10004;1;10005;26;;;10000.0;852.0
-1;45200;RAINFOREST_RESIN;9996;1;9995;28;;;10004;1;10005;28;;;10000.0;852.0
-1;45200;KELP;2019;29;;;;;2021;6;2022;29;;;2020.0;198.521484375
-1;45300;KELP;2018;26;;;;;2021;22;;;;;2019.5;193.0
-1;45300;RAINFOREST_RESIN;9995;22;;;;;10005;22;;;;;10000.0;852.0
-1;45400;RAINFOREST_RESIN;9996;2;9995;21;;;9998;1;10004;2;10005;21;9997.0;852.0
-1;45400;KELP;2018;22;;;;;2020;2;2021;23;;;2019.0;189.689453125
-1;45500;KELP;2018;25;;;;;2019;3;2021;25;;;2018.5;190.642578125
-1;45500;RAINFOREST_RESIN;9996;1;9995;24;;;10000;3;10004;1;10005;24;9998.0;854.0
-1;45600;RAINFOREST_RESIN;9995;26;;;;;10002;5;10005;26;;;9998.5;854.0
-1;45600;KELP;2018;33;;;;;2021;26;;;;;2019.5;193.55859375
-1;45700;KELP;2018;24;;;;;2021;24;;;;;2019.5;193.74609375
-1;45700;RAINFOREST_RESIN;9995;24;;;;;10005;24;;;;;10000.0;854.0
-1;45800;RAINFOREST_RESIN;9996;1;9995;27;;;10004;1;10005;27;;;10000.0;854.0
-1;45800;KELP;2018;27;;;;;2021;28;;;;;2019.5;194.64453125
-1;45900;KELP;2019;4;2018;31;;;2022;31;;;;;2020.5;198.490234375
-1;45900;RAINFOREST_RESIN;9996;1;9995;30;;;10004;1;10005;30;;;10000.0;854.0
-1;46000;RAINFOREST_RESIN;9996;2;9995;24;;;10004;2;10005;24;;;10000.0;860.0
-1;46000;KELP;2019;2;2018;24;;;2022;26;;;;;2020.5;203.412109375
-1;46100;KELP;2019;25;;;;;2022;25;;;;;2020.5;204.412109375
-1;46100;RAINFOREST_RESIN;9998;6;9996;2;9995;23;10004;2;10005;23;;;10001.0;860.0
-1;46200;RAINFOREST_RESIN;9998;2;9996;1;9995;27;10004;1;10005;27;;;10001.0;860.0
-1;46200;KELP;2018;28;;;;;2021;1;2022;27;;;2019.5;199.314453125
-1;46300;KELP;2018;29;;;;;2021;29;;;;;2019.5;196.4140625
-1;46300;RAINFOREST_RESIN;9996;2;9995;27;;;10004;2;10005;27;;;10000.0;860.0
-1;46400;RAINFOREST_RESIN;9995;22;;;;;10005;22;;;;;10000.0;860.0
-1;46400;KELP;2018;22;;;;;2022;22;;;;;2020.0;199.01953125
-1;46500;KELP;2019;6;2018;31;;;2021;31;;;;;2020.0;198.3359375
-1;46500;RAINFOREST_RESIN;10000;6;9996;1;9995;30;10004;1;10005;30;;;10002.0;860.0
-1;46600;KELP;2019;3;2018;28;;;2021;1;2022;27;;;2020.0;199.404296875
-1;46600;RAINFOREST_RESIN;9998;10;9996;1;9995;27;10004;1;10005;27;;;10001.0;860.0
-1;46700;RAINFOREST_RESIN;9995;26;;;;;10005;26;;;;;10000.0;860.0
-1;46700;KELP;2019;26;;;;;2022;26;;;;;2020.5;203.955078125
-1;46800;RAINFOREST_RESIN;9996;1;9995;21;;;10004;1;10005;21;;;10000.0;860.0
-1;46800;KELP;2019;22;;;;;2022;22;;;;;2020.5;206.931640625
-1;46900;KELP;2021;1;2019;32;;;2022;32;;;;;2021.5;204.26953125
-1;46900;RAINFOREST_RESIN;9996;2;9995;30;;;10004;2;10005;30;;;10000.0;860.0
-1;47000;KELP;2019;21;;;;;2022;21;;;;;2020.5;205.8125
-1;47000;RAINFOREST_RESIN;9996;1;9995;20;;;10004;1;10005;20;;;10000.0;860.0
-1;47100;RAINFOREST_RESIN;9996;2;9995;24;;;9998;1;10004;2;10005;24;9997.0;860.0
-1;47100;KELP;2019;22;;;;;2022;26;;;;;2020.5;205.0078125
-1;47200;RAINFOREST_RESIN;10002;1;9996;2;9995;28;10004;2;10005;28;;;10003.0;862.0
-1;47200;KELP;2019;30;;;;;2022;30;;;;;2020.5;205.3125
-1;47300;KELP;2019;25;;;;;2021;1;2022;25;;;2020.0;206.189453125
-1;47300;RAINFOREST_RESIN;10002;1;9998;3;9995;25;10005;25;;;;;10003.5;864.0
-1;47400;KELP;2019;25;;;;;2022;24;;;;;2020.5;208.3359375
-1;47400;RAINFOREST_RESIN;9995;24;;;;;10002;9;10005;24;;;9998.5;866.0
-1;47500;RAINFOREST_RESIN;9995;30;;;;;10002;1;10005;30;;;9998.5;866.0
-1;47500;KELP;2019;30;;;;;2021;6;2022;30;;;2020.0;208.08984375
-1;47600;RAINFOREST_RESIN;9996;1;9995;27;;;10004;1;10005;27;;;10000.0;866.0
-1;47600;KELP;2019;28;;;;;2022;28;;;;;2020.5;209.994140625
-1;47700;KELP;2019;23;;;;;2022;23;;;;;2020.5;210.43359375
-1;47700;RAINFOREST_RESIN;9996;1;9995;22;;;10002;8;10004;1;10005;22;9999.0;866.0
-1;47800;KELP;2019;23;;;;;2022;1;2023;22;;;2020.5;211.0
-1;47800;RAINFOREST_RESIN;9996;1;9995;22;;;10002;8;10004;1;10005;22;9999.0;866.0
-1;47900;RAINFOREST_RESIN;10002;1;9995;27;;;10005;27;;;;;10003.5;866.0
-1;47900;KELP;2019;27;;;;;2023;27;;;;;2021.0;211.189453125
-1;48000;RAINFOREST_RESIN;9995;27;;;;;10005;27;;;;;10000.0;868.0
-1;48000;KELP;2019;27;;;;;2023;27;;;;;2021.0;210.98046875
-1;48100;KELP;2019;22;;;;;2022;21;;;;;2020.5;208.998046875
-1;48100;RAINFOREST_RESIN;9995;21;;;;;10002;9;10005;21;;;9998.5;868.0
-1;48200;KELP;2019;25;;;;;2022;25;;;;;2020.5;209.55078125
-1;48200;RAINFOREST_RESIN;9998;5;9995;25;;;10005;25;;;;;10001.5;876.0
-1;48300;RAINFOREST_RESIN;9996;1;9995;28;;;9998;1;10000;5;10004;1;9997.0;876.0
-1;48300;KELP;2018;29;;;;;2019;5;2022;29;;;2018.5;200.857421875
-1;48400;RAINFOREST_RESIN;9995;27;;;;;10002;7;10005;27;;;9998.5;878.0
-1;48400;KELP;2019;1;2018;27;;;2022;27;;;;;2020.5;207.8359375
-1;48500;KELP;2019;1;2018;29;;;2022;29;;;;;2020.5;206.89453125
-1;48500;RAINFOREST_RESIN;9995;29;;;;;9998;1;10005;29;;;9996.5;878.0
-1;48600;KELP;2019;1;2018;29;;;2022;29;;;;;2020.5;207.21484375
-1;48600;RAINFOREST_RESIN;9996;1;9995;28;;;10004;1;10005;28;;;10000.0;880.0
-1;48700;RAINFOREST_RESIN;9996;1;9995;22;;;10004;1;10005;22;;;10000.0;883.0
-1;48700;KELP;2018;23;;;;;2022;23;;;;;2020.0;206.05859375
-1;48800;RAINFOREST_RESIN;9996;1;9995;23;;;10004;1;10005;23;;;10000.0;883.0
-1;48800;KELP;2019;29;;;;;2022;24;;;;;2020.5;211.36328125
-1;48900;KELP;2019;34;;;;;2022;27;;;;;2020.5;213.40625
-1;48900;RAINFOREST_RESIN;9995;27;;;;;10005;27;;;;;10000.0;883.0
-1;49000;KELP;2019;39;;;;;2022;32;;;;;2020.5;211.77734375
-1;49000;RAINFOREST_RESIN;9996;2;9995;30;;;10004;2;10005;30;;;10000.0;883.0
-1;49100;RAINFOREST_RESIN;9996;2;9995;30;;;10004;2;10005;30;;;10000.0;883.0
-1;49100;KELP;2019;40;;;;;2022;32;;;;;2020.5;216.77734375
-1;49200;RAINFOREST_RESIN;9996;1;9995;20;;;10004;1;10005;20;;;10000.0;883.0
-1;49200;KELP;2019;21;;;;;2022;21;;;;;2020.5;212.765625
-1;49300;KELP;2019;21;;;;;2022;22;;;;;2020.5;221.1103515625
-1;49300;RAINFOREST_RESIN;9998;9;9996;1;9995;21;10004;1;10005;21;;;10001.0;883.0
-1;49400;KELP;2021;9;2020;5;2019;20;2022;20;;;;;2021.5;220.1591796875
-1;49400;RAINFOREST_RESIN;9995;20;;;;;10005;20;;;;;10000.0;883.0
-1;49500;RAINFOREST_RESIN;9996;2;9995;30;;;10004;2;10005;30;;;10000.0;883.0
-1;49500;KELP;2019;40;;;;;2022;32;;;;;2020.5;226.015869140625
-1;49600;RAINFOREST_RESIN;9995;24;;;;;10005;24;;;;;10000.0;883.0
-1;49600;KELP;2021;1;2019;24;;;2022;24;;;;;2021.5;227.7451171875
-1;49700;KELP;2019;28;;;;;2022;28;;;;;2020.5;228.529296875
-1;49700;RAINFOREST_RESIN;9998;7;9996;2;9995;26;10004;2;10005;26;;;10001.0;883.0
-1;49800;KELP;2019;25;;;;;2020;5;2023;25;;;2019.5;224.380859375
-1;49800;RAINFOREST_RESIN;9996;2;9995;23;;;10004;2;10005;23;;;10000.0;883.0
-1;49900;RAINFOREST_RESIN;9998;3;9995;23;;;10005;23;;;;;10001.5;883.0
-1;49900;KELP;2019;23;;;;;2023;23;;;;;2021.0;230.16943359375
-1;50000;RAINFOREST_RESIN;9996;1;9995;20;;;10004;1;10005;20;;;10000.0;891.0
-1;50000;KELP;2019;21;;;;;2022;1;2023;20;;;2020.5;232.89453125
-1;50100;KELP;2019;24;;;;;2021;2;2022;24;;;2020.0;233.66796875
-1;50100;RAINFOREST_RESIN;9995;24;;;;;10005;24;;;;;10000.0;891.0
-1;50200;KELP;2019;24;;;;;2023;24;;;;;2021.0;231.89990234375
-1;50200;RAINFOREST_RESIN;9995;24;;;;;10005;24;;;;;10000.0;891.0
-1;50300;RAINFOREST_RESIN;9995;30;;;;;10002;10;10005;30;;;9998.5;891.0
-1;50300;KELP;2019;30;;;;;2023;30;;;;;2021.0;231.5283203125
-1;50400;RAINFOREST_RESIN;9998;4;9996;1;9995;22;10000;2;10004;1;10005;22;9999.0;891.0
-1;50400;KELP;2019;23;;;;;2021;3;2023;23;;;2020.0;231.60400390625
-1;50500;KELP;2019;25;;;;;2023;25;;;;;2021.0;231.9351806640625
-1;50500;RAINFOREST_RESIN;9996;2;9995;23;;;10004;2;10005;23;;;10000.0;891.0
-1;50600;KELP;2019;21;;;;;2020;6;2023;23;;;2019.5;231.857666015625
-1;50600;RAINFOREST_RESIN;10002;1;9996;2;9995;21;10004;2;10005;21;;;10003.0;891.0
-1;50700;RAINFOREST_RESIN;9996;2;9995;22;;;10004;2;10005;22;;;10000.0;896.0
-1;50700;KELP;2020;24;;;;;2023;24;;;;;2021.5;240.29296875
-1;50800;RAINFOREST_RESIN;10002;5;9996;2;9995;22;10004;2;10005;22;;;10003.0;896.0
-1;50800;KELP;2022;1;2020;24;;;2023;24;;;;;2022.5;241.1337890625
-1;50900;KELP;2020;28;;;;;2022;4;2023;28;;;2021.0;242.09375
-1;50900;RAINFOREST_RESIN;9996;1;9995;27;;;10004;1;10005;27;;;10000.0;906.0
-1;51000;KELP;2020;28;;;;;2023;28;;;;;2021.5;241.646484375
-1;51000;RAINFOREST_RESIN;9996;2;9995;26;;;10004;2;10005;26;;;10000.0;906.0
-1;51100;RAINFOREST_RESIN;9998;6;9996;1;9995;25;10004;1;10005;25;;;10001.0;906.0
-1;51100;KELP;2020;26;;;;;2023;26;;;;;2021.5;242.603515625
-1;51200;RAINFOREST_RESIN;9996;2;9995;28;;;10004;2;10005;28;;;10000.0;906.0
-1;51200;KELP;2020;30;;;;;2023;30;;;;;2021.5;241.9892578125
-1;51300;KELP;2020;25;;;;;2023;25;;;;;2021.5;243.734375
-1;51300;RAINFOREST_RESIN;9996;1;9995;24;;;10004;1;10005;24;;;10000.0;906.0
-1;51400;KELP;2020;30;;;;;2023;30;;;;;2021.5;249.81640625
-1;51400;RAINFOREST_RESIN;9995;30;;;;;10002;3;10005;30;;;9998.5;906.0
-1;51500;RAINFOREST_RESIN;9995;30;;;;;10005;30;;;;;10000.0;906.0
-1;51500;KELP;2022;1;2020;30;;;2023;30;;;;;2022.5;249.3984375
-1;51600;RAINFOREST_RESIN;10000;5;9996;2;9995;22;10002;1;10004;2;10005;22;10001.0;906.0
-1;51600;KELP;2021;5;2020;24;;;2023;24;;;;;2022.0;250.71484375
-1;51700;KELP;2020;16;;;;;2023;20;;;;;2021.5;249.28125
-1;51700;RAINFOREST_RESIN;9995;20;;;;;10005;20;;;;;10000.0;908.0
-1;51800;KELP;2020;1;2019;24;;;2023;25;;;;;2021.5;246.07421875
-1;51800;RAINFOREST_RESIN;9996;1;9995;24;;;10004;1;10005;24;;;10000.0;952.0
-1;51900;RAINFOREST_RESIN;9996;1;9995;23;;;10004;1;10005;23;;;10000.0;952.0
-1;51900;KELP;2021;4;2019;24;;;2023;24;;;;;2022.0;243.181640625
-1;52000;RAINFOREST_RESIN;9998;3;9995;29;;;10005;29;;;;;10001.5;967.0
-1;52000;KELP;2019;29;;;;;2021;6;2023;29;;;2020.0;244.3515625
-1;52100;KELP;2019;21;;;;;2023;21;;;;;2021.0;244.57421875
-1;52100;RAINFOREST_RESIN;9995;21;;;;;10005;21;;;;;10000.0;967.0
-1;52200;KELP;2019;31;;;;;2023;31;;;;;2021.0;242.6875
-1;52200;RAINFOREST_RESIN;9996;2;9995;29;;;10004;2;10005;29;;;10000.0;999.0
-1;52300;RAINFOREST_RESIN;10002;1;9996;1;9995;27;10004;1;10005;27;;;10003.0;999.0
-1;52300;KELP;2022;1;2019;28;;;2023;28;;;;;2022.5;243.779296875
-1;52400;RAINFOREST_RESIN;9998;3;9996;1;9995;29;10004;1;10005;29;;;10001.0;1001.0
-1;52400;KELP;2020;30;;;;;2023;30;;;;;2021.5;249.0859375
-1;52500;KELP;2022;1;2020;28;;;2023;28;;;;;2022.5;248.537109375
-1;52500;RAINFOREST_RESIN;9996;1;9995;27;;;9998;1;10004;1;10005;27;9997.0;1001.0
-1;52600;RAINFOREST_RESIN;9998;1;9996;1;9995;22;10000;4;10004;1;10005;22;9999.0;1003.0
-1;52600;KELP;2020;1;2019;22;;;2021;4;2023;23;;;2020.5;246.017578125
-1;52700;KELP;2019;26;;;;;2023;27;;;;;2021.0;244.470703125
-1;52700;RAINFOREST_RESIN;9996;2;9995;25;;;10004;2;10005;25;;;10000.0;1003.0
-1;52800;RAINFOREST_RESIN;9995;26;;;;;10005;26;;;;;10000.0;1003.0
-1;52800;KELP;2019;26;;;;;2023;26;;;;;2021.0;247.662109375
-1;52900;KELP;2020;30;;;;;2023;30;;;;;2021.5;248.0859375
-1;52900;RAINFOREST_RESIN;9995;30;;;;;10005;30;;;;;10000.0;1003.0
-1;53000;RAINFOREST_RESIN;10002;1;9996;1;9995;20;10004;1;10005;20;;;10003.0;1021.0
-1;53000;KELP;2020;21;;;;;2023;21;;;;;2021.5;250.171875
-1;53100;KELP;2019;24;;;;;2023;24;;;;;2021.0;245.615234375
-1;53100;RAINFOREST_RESIN;9995;24;;;;;10005;24;;;;;10000.0;1023.0
-1;53200;RAINFOREST_RESIN;9996;1;9995;30;;;10004;1;10005;30;;;10000.0;1023.0
-1;53200;KELP;2022;1;2019;31;;;2023;31;;;;;2022.5;246.19140625
-1;53300;KELP;2020;29;;;;;2023;29;;;;;2021.5;248.955078125
-1;53300;RAINFOREST_RESIN;9995;29;;;;;10005;29;;;;;10000.0;1023.0
-1;53400;RAINFOREST_RESIN;9998;6;9996;2;9995;23;10004;2;10005;23;;;10001.0;1023.0
-1;53400;KELP;2020;25;;;;;2023;25;;;;;2021.5;251.62890625
-1;53500;KELP;2020;23;;;;;2023;23;;;;;2021.5;250.22265625
-1;53500;RAINFOREST_RESIN;9996;2;9995;21;;;10002;1;10004;2;10005;21;9999.0;1023.0
-1;53600;RAINFOREST_RESIN;9995;24;;;;;9998;9;10005;24;;;9996.5;1023.0
-1;53600;KELP;2020;24;;;;;2023;24;;;;;2021.5;248.796875
-1;53700;KELP;2019;30;;;;;2023;30;;;;;2021.0;247.3984375
-1;53700;RAINFOREST_RESIN;9998;1;9995;30;;;10005;30;;;;;10001.5;1041.0
-1;53800;RAINFOREST_RESIN;10002;3;9995;30;;;10005;30;;;;;10003.5;1041.0
-1;53800;KELP;2019;30;;;;;2023;30;;;;;2021.0;247.150390625
-1;53900;KELP;2019;27;;;;;2023;27;;;;;2021.0;246.42578125
-1;53900;RAINFOREST_RESIN;9996;2;9995;25;;;10004;2;10005;25;;;10000.0;1047.0
-1;54000;RAINFOREST_RESIN;9998;6;9996;1;9995;30;10004;1;10005;30;;;10001.0;1051.0
-1;54000;KELP;2020;31;;;;;2022;1;2023;31;;;2021.0;251.927734375
-1;54100;KELP;2020;24;;;;;2022;2;2023;24;;;2021.0;251.529296875
-1;54100;RAINFOREST_RESIN;9998;2;9996;2;9995;22;10004;2;10005;22;;;10001.0;1051.0
-1;54200;RAINFOREST_RESIN;9995;28;;;;;10005;28;;;;;10000.0;1051.0
-1;54200;KELP;2020;28;;;;;2023;28;;;;;2021.5;251.57421875
-1;54300;KELP;2022;1;2019;25;;;2023;25;;;;;2022.5;247.912109375
-1;54300;RAINFOREST_RESIN;9996;2;9995;23;;;10004;2;10005;23;;;10000.0;1051.0
-1;54400;RAINFOREST_RESIN;9995;29;;;;;10005;29;;;;;10000.0;1060.0
-1;54400;KELP;2019;29;;;;;2022;29;;;;;2020.5;247.361328125
-1;54500;KELP;2019;21;;;;;2022;21;;;;;2020.5;246.302734375
-1;54500;RAINFOREST_RESIN;9996;1;9995;20;;;10004;1;10005;20;;;10000.0;1060.0
-1;54600;RAINFOREST_RESIN;10002;3;9995;27;;;10005;27;;;;;10003.5;1060.0
-1;54600;KELP;2019;27;;;;;2023;27;;;;;2021.0;247.734375
-1;54700;KELP;2019;29;;;;;2020;4;2022;29;;;2019.5;247.314453125
-1;54700;RAINFOREST_RESIN;9996;2;9995;27;;;10004;2;10005;27;;;10000.0;1066.0
-1;54800;RAINFOREST_RESIN;9998;8;9995;27;;;10005;27;;;;;10001.5;1066.0
-1;54800;KELP;2019;27;;;;;2021;1;2022;27;;;2020.0;249.830078125
-1;54900;KELP;2019;29;;;;;2022;29;;;;;2020.5;249.048828125
-1;54900;RAINFOREST_RESIN;9996;1;9995;28;;;10002;3;10004;1;10005;28;9999.0;1066.0
-1;55000;RAINFOREST_RESIN;9996;2;9995;28;;;10002;8;10004;2;10005;28;9999.0;1066.0
-1;55000;KELP;2019;36;;;;;2022;30;;;;;2020.5;245.701171875
-1;55100;KELP;2019;37;;;;;2022;29;;;;;2020.5;243.40625
-1;55100;RAINFOREST_RESIN;9995;29;;;;;10005;29;;;;;10000.0;1066.0
-1;55200;RAINFOREST_RESIN;9996;2;9995;21;;;10004;2;10005;21;;;10000.0;1074.0
-1;55200;KELP;2018;21;;;;;2019;3;2020;8;2022;23;2018.5;243.0859375
-1;55300;RAINFOREST_RESIN;9996;2;9995;27;;;9998;1;10002;2;10004;2;9997.0;1074.0
-1;55300;KELP;2018;29;;;;;2022;29;;;;;2020.0;245.099609375
-1;55400;RAINFOREST_RESIN;9998;3;9996;1;9995;21;10004;1;10005;21;;;10001.0;1076.0
-1;55400;KELP;2019;2;2018;22;;;2022;22;;;;;2020.5;245.587890625
-1;55500;KELP;2021;1;2019;4;2018;25;2022;25;;;;;2021.5;246.78125
-1;55500;RAINFOREST_RESIN;9995;25;;;;;10002;9;10005;25;;;9998.5;1076.0
-1;55600;KELP;2019;3;2018;26;;;2022;26;;;;;2020.5;246.861328125
-1;55600;RAINFOREST_RESIN;9995;26;;;;;10005;26;;;;;10000.0;1076.0
-1;55700;RAINFOREST_RESIN;9996;2;9995;21;;;10004;2;10005;21;;;10000.0;1076.0
-1;55700;KELP;2019;25;;;;;2022;23;;;;;2020.5;248.212890625
-1;55800;RAINFOREST_RESIN;9998;6;9996;1;9995;26;10004;1;10005;26;;;10001.0;1079.0
-1;55800;KELP;2018;27;;;;;2022;27;;;;;2020.0;246.642578125
-1;55900;KELP;2018;22;;;;;2022;22;;;;;2020.0;243.65234375
-1;55900;RAINFOREST_RESIN;9995;22;;;;;10005;22;;;;;10000.0;1079.0
-1;56000;KELP;2018;24;;;;;2019;3;2021;2;2022;22;2018.5;242.21484375
-1;56000;RAINFOREST_RESIN;9996;2;9995;22;;;10002;10;10004;2;10005;22;9999.0;1079.0
-1;56100;RAINFOREST_RESIN;9996;2;9995;20;;;10004;2;10005;20;;;10000.0;1079.0
-1;56100;KELP;2019;22;;;;;2022;22;;;;;2020.5;254.27734375
-1;56200;RAINFOREST_RESIN;9996;1;9995;29;;;10004;1;10005;29;;;10000.0;1079.0
-1;56200;KELP;2020;2;2018;30;;;2022;30;;;;;2021.0;249.9375
-1;56300;KELP;2019;6;2018;27;;;2022;27;;;;;2020.5;249.28515625
-1;56300;RAINFOREST_RESIN;10002;1;9996;2;9995;25;10004;2;10005;25;;;10003.0;1079.0
-1;56400;KELP;2018;31;;;;;2022;31;;;;;2020.0;248.58203125
-1;56400;RAINFOREST_RESIN;9996;1;9995;30;;;10004;1;10005;30;;;10000.0;1081.0
-1;56500;RAINFOREST_RESIN;9996;2;9995;27;;;10004;2;10005;27;;;10000.0;1081.0
-1;56500;KELP;2018;29;;;;;2022;29;;;;;2020.0;248.08984375
-1;56600;RAINFOREST_RESIN;9996;2;9995;29;;;10002;4;10004;2;10005;29;9999.0;1081.0
-1;56600;KELP;2019;2;2018;29;;;2022;31;;;;;2020.5;250.63671875
-1;56700;KELP;2020;6;2018;26;;;2022;26;;;;;2021.0;247.2265625
-1;56700;RAINFOREST_RESIN;9998;3;9996;2;9995;24;10000;2;10004;2;10005;24;9999.0;1081.0
-1;56800;KELP;2018;24;;;;;2021;2;2022;22;;;2019.5;246.34765625
-1;56800;RAINFOREST_RESIN;10002;1;9998;10;9996;2;10004;2;10005;22;;;10003.0;1081.0
-1;56900;RAINFOREST_RESIN;9996;2;9995;20;;;10004;2;10005;20;;;10000.0;1083.0
-1;56900;KELP;2018;24;;;;;2021;22;;;;;2019.5;243.724609375
-1;57000;RAINFOREST_RESIN;9996;1;9995;27;;;10004;1;10005;27;;;10000.0;1083.0
-1;57000;KELP;2018;28;;;;;2020;8;2021;28;;;2019.0;240.068359375
-1;57100;KELP;2017;27;;;;;2020;27;;;;;2018.5;234.23828125
-1;57100;RAINFOREST_RESIN;9996;2;9995;25;;;10004;2;10005;25;;;10000.0;1083.0
-1;57200;KELP;2019;1;2017;27;;;2020;27;;;;;2019.5;232.51953125
-1;57200;RAINFOREST_RESIN;10002;2;9996;1;9995;26;10004;1;10005;26;;;10003.0;1083.0
-1;57300;RAINFOREST_RESIN;9996;1;9995;26;;;10002;9;10004;1;10005;26;9999.0;1087.0
-1;57300;KELP;2017;27;;;;;2020;27;;;;;2018.5;233.947265625
-1;57400;RAINFOREST_RESIN;9995;24;;;;;10005;24;;;;;10000.0;1087.0
-1;57400;KELP;2017;24;;;;;2019;2;2020;24;;;2018.0;233.0078125
-1;57500;KELP;2019;5;2017;30;;;2020;25;;;;;2019.5;233.169921875
-1;57500;RAINFOREST_RESIN;9998;5;9996;2;9995;23;10004;2;10005;23;;;10001.0;1087.0
-1;57600;KELP;2017;24;;;;;2020;24;;;;;2018.5;235.4658203125
-1;57600;RAINFOREST_RESIN;9995;24;;;;;10005;24;;;;;10000.0;1087.0
-1;57700;RAINFOREST_RESIN;9995;29;;;;;10005;29;;;;;10000.0;1087.0
-1;57700;KELP;2017;29;;;;;2020;29;;;;;2018.5;235.38671875
-1;57800;RAINFOREST_RESIN;9998;1;9996;2;9995;29;10004;2;10005;29;;;10001.0;1087.0
-1;57800;KELP;2017;31;;;;;2020;2;2021;29;;;2018.5;236.416015625
-1;57900;KELP;2017;27;;;;;2018;6;2019;5;2020;2;2017.5;236.05859375
-1;57900;RAINFOREST_RESIN;9996;2;9995;25;;;9998;1;10000;6;10004;2;9997.0;1087.0
-1;58000;KELP;2017;29;;;;;2020;1;2021;24;;;2018.5;240.77734375
-1;58000;RAINFOREST_RESIN;9996;1;9995;24;;;9998;4;10004;1;10005;24;9997.0;1089.0
-1;58100;RAINFOREST_RESIN;9995;23;;;;;10005;23;;;;;10000.0;1097.0
-1;58100;KELP;2017;23;;;;;2020;23;;;;;2018.5;254.0
-1;58200;RAINFOREST_RESIN;9996;1;9995;30;;;10004;1;10005;30;;;10000.0;1106.0
-1;58200;KELP;2017;31;;;;;2020;31;;;;;2018.5;254.0
-1;58300;KELP;2017;29;;;;;2020;29;;;;;2018.5;254.0
-1;58300;RAINFOREST_RESIN;9995;29;;;;;10005;29;;;;;10000.0;1106.0
-1;58400;KELP;2016;23;;;;;2018;1;2019;23;;;2017.0;254.0
-1;58400;RAINFOREST_RESIN;9996;2;9995;21;;;10004;2;10005;21;;;10000.0;1106.0
-1;58500;RAINFOREST_RESIN;9995;21;;;;;10002;1;10005;21;;;9998.5;1106.0
-1;58500;KELP;2016;21;;;;;2019;21;;;;;2017.5;257.537109375
-1;58600;RAINFOREST_RESIN;10002;1;9995;25;;;10005;25;;;;;10003.5;1106.0
-1;58600;KELP;2015;25;;;;;2017;7;2019;25;;;2016.0;253.689453125
-1;58700;KELP;2015;34;;;;;2018;32;;;;;2016.5;249.66015625
-1;58700;RAINFOREST_RESIN;9996;2;9995;30;;;10004;2;10005;30;;;10000.0;1108.0
-1;58800;KELP;2015;29;;;;;2019;29;;;;;2017.0;253.23828125
-1;58800;RAINFOREST_RESIN;9995;29;;;;;10002;1;10005;29;;;9998.5;1108.0
-1;58900;RAINFOREST_RESIN;9996;1;9995;24;;;10004;1;10005;24;;;10000.0;1156.0
-1;58900;KELP;2015;25;;;;;2019;25;;;;;2017.0;255.41796875
-1;59000;RAINFOREST_RESIN;9996;2;9995;20;;;10004;2;10005;20;;;10000.0;1156.0
-1;59000;KELP;2016;22;;;;;2019;22;;;;;2017.5;259.654296875
-1;59100;KELP;2016;34;;;;;2019;27;;;;;2017.5;263.123046875
-1;59100;RAINFOREST_RESIN;9995;27;;;;;10005;27;;;;;10000.0;1156.0
-1;59200;KELP;2016;31;;;;;2020;31;;;;;2018.0;270.009765625
-1;59200;RAINFOREST_RESIN;9998;4;9996;2;9995;29;10004;2;10005;29;;;10001.0;1159.0
-1;59300;RAINFOREST_RESIN;9996;1;9995;26;;;10004;1;10005;26;;;10000.0;1159.0
-1;59300;KELP;2016;26;;;;;2018;2;2019;27;;;2017.0;263.986328125
-1;59400;RAINFOREST_RESIN;9996;1;9995;21;;;10004;1;10005;21;;;10000.0;1159.0
-1;59400;KELP;2015;22;;;;;2019;22;;;;;2017.0;256.173828125
-1;59500;KELP;2015;23;;;;;2019;23;;;;;2017.0;257.474609375
-1;59500;RAINFOREST_RESIN;10002;5;9995;23;;;10005;23;;;;;10003.5;1159.0
-1;59600;KELP;2016;29;;;;;2019;29;;;;;2017.5;259.107421875
-1;59600;RAINFOREST_RESIN;9996;2;9995;27;;;10004;2;10005;27;;;10000.0;1169.0
-1;59700;RAINFOREST_RESIN;9995;21;;;;;10005;21;;;;;10000.0;1169.0
-1;59700;KELP;2015;21;;;;;2018;21;;;;;2016.5;247.390625
-1;59800;RAINFOREST_RESIN;9996;1;9995;24;;;10004;1;10005;24;;;10000.0;1169.0
-1;59800;KELP;2015;25;;;;;2018;25;;;;;2016.5;249.0078125
-1;59900;KELP;2015;24;;;;;2018;24;;;;;2016.5;247.28125
-1;59900;RAINFOREST_RESIN;9996;1;9995;23;;;10002;6;10004;1;10005;23;9999.0;1169.0
-1;60000;KELP;2015;22;;;;;2018;22;;;;;2016.5;248.697265625
-1;60000;RAINFOREST_RESIN;9998;3;9995;22;;;10005;22;;;;;10001.5;1169.0
-1;60100;RAINFOREST_RESIN;9996;2;9995;25;;;10004;2;10005;25;;;10000.0;1172.0
-1;60100;KELP;2015;27;;;;;2018;27;;;;;2016.5;248.119140625
-1;60200;RAINFOREST_RESIN;9995;25;;;;;10005;25;;;;;10000.0;1172.0
-1;60200;KELP;2016;3;2015;25;;;2018;25;;;;;2017.0;245.146484375
-1;60300;KELP;2015;28;;;;;2018;28;;;;;2016.5;244.1328125
-1;60300;RAINFOREST_RESIN;9996;1;9995;27;;;10004;1;10005;27;;;10000.0;1204.0
-1;60400;KELP;2015;1;2014;20;;;2018;21;;;;;2016.5;243.19921875
-1;60400;RAINFOREST_RESIN;9996;1;9995;20;;;9998;1;10004;1;10005;20;9997.0;1204.0
-1;60500;RAINFOREST_RESIN;9996;1;9995;23;;;10004;1;10005;23;;;10000.0;1206.0
-1;60500;KELP;2015;24;;;;;2018;24;;;;;2016.5;248.443359375
-1;60600;RAINFOREST_RESIN;9996;2;9995;22;;;10004;2;10005;22;;;10000.0;1206.0
-1;60600;KELP;2015;26;;;;;2018;24;;;;;2016.5;248.15625
-1;60700;KELP;2015;22;;;;;2017;5;2018;22;;;2016.0;248.078125
-1;60700;RAINFOREST_RESIN;9995;22;;;;;10005;22;;;;;10000.0;1206.0
-1;60800;KELP;2015;31;;;;;2018;32;;;;;2016.5;248.21484375
-1;60800;RAINFOREST_RESIN;10002;10;9996;2;9995;30;10004;2;10005;30;;;10003.0;1206.0
-1;60900;RAINFOREST_RESIN;9996;2;9995;29;;;10004;2;10005;29;;;10000.0;1226.0
-1;60900;KELP;2015;28;;;;;2017;4;2018;31;;;2016.0;245.8515625
-1;61000;RAINFOREST_RESIN;9995;28;;;;;10005;28;;;;;10000.0;1226.0
-1;61000;KELP;2015;28;;;;;2018;28;;;;;2016.5;247.158203125
-1;61100;KELP;2015;29;;;;;2017;3;2018;29;;;2016.0;244.26171875
-1;61100;RAINFOREST_RESIN;9995;29;;;;;10005;29;;;;;10000.0;1226.0
-1;61200;KELP;2015;22;;;;;2016;2;2018;22;;;2015.5;246.720703125
-1;61200;RAINFOREST_RESIN;9998;9;9996;1;9995;21;10000;2;10004;1;10005;21;9999.0;1226.0
-1;61300;RAINFOREST_RESIN;9996;1;9995;22;;;10004;1;10005;22;;;10000.0;1226.0
-1;61300;KELP;2015;23;;;;;2018;23;;;;;2016.5;250.849609375
-1;61400;RAINFOREST_RESIN;9996;1;9995;30;;;10004;1;10005;30;;;10000.0;1226.0
-1;61400;KELP;2015;31;;;;;2018;1;2019;30;;;2016.5;252.0390625
-1;61500;KELP;2015;29;;;;;2018;29;;;;;2016.5;247.38671875
-1;61500;RAINFOREST_RESIN;9996;2;9995;27;;;10004;2;10005;27;;;10000.0;1226.0
-1;61600;RAINFOREST_RESIN;9996;2;9995;28;;;10004;2;10005;28;;;10000.0;1226.0
-1;61600;KELP;2015;30;;;;;2017;5;2018;30;;;2016.0;244.837890625
-1;61700;KELP;2014;26;;;;;2016;7;2017;27;;;2015.0;236.3203125
-1;61700;RAINFOREST_RESIN;9996;1;9995;26;;;10004;1;10005;26;;;10000.0;1226.0
-1;61800;RAINFOREST_RESIN;9995;20;;;;;10005;20;;;;;10000.0;1226.0
-1;61800;KELP;2015;20;;;;;2018;20;;;;;2016.5;245.34375
-1;61900;KELP;2014;26;;;;;2017;26;;;;;2015.5;237.28515625
-1;61900;RAINFOREST_RESIN;9995;26;;;;;9998;1;10005;26;;;9996.5;1226.0
-1;62000;RAINFOREST_RESIN;9995;20;;;;;10005;20;;;;;10000.0;1234.0
-1;62000;KELP;2016;1;2014;20;;;2017;20;;;;;2016.5;238.6328125
-1;62100;KELP;2014;25;;;;;2017;25;;;;;2015.5;239.529296875
-1;62100;RAINFOREST_RESIN;9996;2;9995;23;;;10004;2;10005;23;;;10000.0;1234.0
-1;62200;RAINFOREST_RESIN;9995;25;;;;;10002;3;10005;25;;;9998.5;1234.0
-1;62200;KELP;2014;25;;;;;2017;25;;;;;2015.5;238.310546875
-1;62300;KELP;2014;22;;;;;2017;22;;;;;2015.5;239.2421875
-1;62300;RAINFOREST_RESIN;9995;22;;;;;10005;22;;;;;10000.0;1234.0
-1;62400;RAINFOREST_RESIN;9996;2;9995;23;;;10004;2;10005;23;;;10000.0;1242.0
-1;62400;KELP;2014;25;;;;;2016;8;2018;25;;;2015.0;242.92578125
-1;62500;KELP;2015;3;2014;23;;;2018;24;;;;;2016.5;243.166015625
-1;62500;RAINFOREST_RESIN;9996;1;9995;23;;;10004;1;10005;23;;;10000.0;1242.0
-1;62600;RAINFOREST_RESIN;9995;29;;;;;10005;29;;;;;10000.0;1242.0
-1;62600;KELP;2015;29;;;;;2018;29;;;;;2016.5;247.259765625
-1;62700;KELP;2015;26;;;;;2018;26;;;;;2016.5;246.900390625
-1;62700;RAINFOREST_RESIN;9996;2;9995;24;;;10004;2;10005;24;;;10000.0;1242.0
-1;62800;RAINFOREST_RESIN;9995;26;;;;;10005;26;;;;;10000.0;1242.0
-1;62800;KELP;2015;25;;;;;2017;1;2019;26;;;2016.0;250.181640625
-1;62900;KELP;2016;29;;;;;2018;1;2019;29;;;2017.0;254.958984375
-1;62900;RAINFOREST_RESIN;9996;2;9995;27;;;9998;4;10004;2;10005;27;9997.0;1242.0
-1;63000;RAINFOREST_RESIN;9995;29;;;;;10005;29;;;;;10000.0;1250.0
-1;63000;KELP;2016;29;;;;;2018;4;2019;29;;;2017.0;255.453125
-1;63100;KELP;2016;25;;;;;2020;26;;;;;2018.0;259.564453125
-1;63100;RAINFOREST_RESIN;9996;2;9995;24;;;10004;2;10005;24;;;10000.0;1250.0
-1;63200;RAINFOREST_RESIN;9995;28;;;;;10005;28;;;;;10000.0;1250.0
-1;63200;KELP;2016;28;;;;;2020;28;;;;;2018.0;259.8828125
-1;63300;KELP;2016;32;;;;;2019;2;2020;30;;;2017.5;258.783203125
-1;63300;RAINFOREST_RESIN;9996;2;9995;30;;;10004;2;10005;30;;;10000.0;1250.0
-1;63400;RAINFOREST_RESIN;9996;2;9995;24;;;10004;2;10005;24;;;10000.0;1250.0
-1;63400;KELP;2018;3;2016;26;;;2020;26;;;;;2019.0;259.330078125
-1;63500;KELP;2016;22;;;;;2019;20;;;;;2017.5;258.6376953125
-1;63500;RAINFOREST_RESIN;9998;8;9995;20;;;10005;20;;;;;10001.5;1250.0
-1;63600;RAINFOREST_RESIN;9995;21;;;;;10005;21;;;;;10000.0;1250.0
-1;63600;KELP;2018;1;2016;21;;;2019;21;;;;;2018.5;258.09375
-1;63700;KELP;2017;8;2016;30;;;2019;2;2020;28;;;2018.0;259.318359375
-1;63700;RAINFOREST_RESIN;9996;2;9995;28;;;10002;6;10004;2;10005;28;9999.0;1250.0
-1;63800;RAINFOREST_RESIN;9996;1;9995;21;;;10004;1;10005;21;;;10000.0;1250.0
-1;63800;KELP;2016;21;;;;;2018;7;2020;22;;;2017.0;259.845703125
-1;63900;KELP;2016;21;;;;;2018;6;2020;21;;;2017.0;259.087890625
-1;63900;RAINFOREST_RESIN;9995;21;;;;;10005;21;;;;;10000.0;1250.0
-1;64000;RAINFOREST_RESIN;9998;6;9995;30;;;10005;30;;;;;10001.5;1298.0
-1;64000;KELP;2016;30;;;;;2019;30;;;;;2017.5;258.6015625
-1;64100;KELP;2016;27;;;;;2019;27;;;;;2017.5;259.3251953125
-1;64100;RAINFOREST_RESIN;9995;27;;;;;10002;6;10005;27;;;9998.5;1298.0
-1;64200;KELP;2015;25;;;;;2018;25;;;;;2016.5;253.259765625
-1;64200;RAINFOREST_RESIN;9996;1;9995;24;;;10004;1;10005;24;;;10000.0;1298.0
-1;64300;RAINFOREST_RESIN;9998;7;9996;1;9995;22;10004;1;10005;22;;;10001.0;1307.0
-1;64300;KELP;2015;23;;;;;2018;23;;;;;2016.5;251.7373046875
-1;64400;RAINFOREST_RESIN;9998;8;9996;2;9995;27;10004;2;10005;27;;;10001.0;1307.0
-1;64400;KELP;2015;31;;;;;2018;29;;;;;2016.5;252.1259765625
-1;64500;KELP;2015;29;;;;;2017;6;2018;29;;;2016.0;252.69140625
-1;64500;RAINFOREST_RESIN;9998;5;9996;2;9995;27;10004;2;10005;27;;;10001.0;1307.0
-1;64600;KELP;2015;26;;;;;2018;26;;;;;2016.5;252.07421875
-1;64600;RAINFOREST_RESIN;9995;26;;;;;10005;26;;;;;10000.0;1307.0
-1;64700;RAINFOREST_RESIN;9995;28;;;;;10005;28;;;;;10000.0;1307.0
-1;64700;KELP;2015;28;;;;;2018;28;;;;;2016.5;250.291015625
-1;64800;RAINFOREST_RESIN;9996;2;9995;30;;;10004;2;10005;30;;;10000.0;1307.0
-1;64800;KELP;2015;2;2014;30;;;2018;32;;;;;2016.5;250.1611328125
-1;64900;KELP;2015;31;;;;;2017;3;2018;31;;;2016.0;250.2900390625
-1;64900;RAINFOREST_RESIN;9996;2;9995;29;;;10004;2;10005;29;;;10000.0;1307.0
-1;65000;KELP;2015;25;;;;;2018;25;;;;;2016.5;252.23828125
-1;65000;RAINFOREST_RESIN;9995;25;;;;;9998;1;10005;25;;;9996.5;1307.0
-1;65100;RAINFOREST_RESIN;9996;2;9995;23;;;10004;2;10005;23;;;10000.0;1309.0
-1;65100;KELP;2015;25;;;;;2018;25;;;;;2016.5;251.5810546875
-1;65200;RAINFOREST_RESIN;9998;8;9995;29;;;10005;29;;;;;10001.5;1318.0
-1;65200;KELP;2017;1;2015;29;;;2019;29;;;;;2018.0;254.7568359375
-1;65300;KELP;2015;21;;;;;2017;2;2018;21;;;2016.0;253.076171875
-1;65300;RAINFOREST_RESIN;9995;21;;;;;10002;3;10005;21;;;9998.5;1318.0
-1;65400;KELP;2015;28;;;;;2016;3;2018;28;;;2015.5;253.580078125
-1;65400;RAINFOREST_RESIN;9996;2;9995;26;;;10000;3;10004;2;10005;26;9998.0;1320.0
-1;65500;RAINFOREST_RESIN;9996;2;9995;27;;;10004;2;10005;27;;;10000.0;1320.0
-1;65500;KELP;2015;36;;;;;2018;29;;;;;2016.5;254.0771484375
-1;65600;RAINFOREST_RESIN;9998;5;9995;20;;;10005;20;;;;;10001.5;1320.0
-1;65600;KELP;2015;20;;;;;2019;20;;;;;2017.0;256.6484375
-1;65700;KELP;2014;29;;;;;2018;29;;;;;2016.0;251.248046875
-1;65700;RAINFOREST_RESIN;9995;29;;;;;10005;29;;;;;10000.0;1320.0
-1;65800;KELP;2015;20;;;;;2017;7;2018;20;;;2016.0;251.9921875
-1;65800;RAINFOREST_RESIN;9998;9;9995;20;;;10005;20;;;;;10001.5;1320.0
-1;65900;RAINFOREST_RESIN;9996;1;9995;23;;;10004;1;10005;23;;;10000.0;1320.0
-1;65900;KELP;2015;29;;;;;2018;24;;;;;2016.5;253.564453125
-1;66000;RAINFOREST_RESIN;9998;4;9996;2;9995;22;10004;2;10005;22;;;10001.0;1320.0
-1;66000;KELP;2015;24;;;;;2018;24;;;;;2016.5;253.7353515625
-1;66100;KELP;2015;27;;;;;2018;27;;;;;2016.5;254.623046875
-1;66100;RAINFOREST_RESIN;9996;1;9995;26;;;9998;1;10004;1;10005;26;9997.0;1320.0
-1;66200;KELP;2016;5;2015;20;;;2019;20;;;;;2017.5;257.8935546875
-1;66200;RAINFOREST_RESIN;10002;1;10000;5;9995;20;10005;20;;;;;10003.5;1322.0
-1;66300;RAINFOREST_RESIN;9996;1;9995;24;;;10004;1;10005;24;;;10000.0;1324.0
-1;66300;KELP;2018;1;2016;2;2015;25;2019;25;;;;;2018.5;258.623046875
-1;66400;RAINFOREST_RESIN;9995;21;;;;;9998;3;10005;21;;;9996.5;1324.0
-1;66400;KELP;2015;21;;;;;2019;21;;;;;2017.0;260.171875
-1;66500;KELP;2015;22;;;;;2019;22;;;;;2017.0;259.74609375
-1;66500;RAINFOREST_RESIN;9996;2;9995;20;;;10004;2;10005;20;;;10000.0;1330.0
-1;66600;KELP;2015;22;;;;;2017;3;2019;22;;;2016.0;258.12109375
-1;66600;RAINFOREST_RESIN;9995;22;;;;;10005;22;;;;;10000.0;1330.0
-1;66700;RAINFOREST_RESIN;9998;9;9995;27;;;10005;27;;;;;10001.5;1330.0
-1;66700;KELP;2014;27;;;;;2018;27;;;;;2016.0;251.9072265625
-1;66800;RAINFOREST_RESIN;9995;30;;;;;10005;30;;;;;10000.0;1330.0
-1;66800;KELP;2014;30;;;;;2018;30;;;;;2016.0;252.59765625
-1;66900;KELP;2017;1;2015;4;2014;23;2018;23;;;;;2017.5;252.9501953125
-1;66900;RAINFOREST_RESIN;9998;4;9995;23;;;10005;23;;;;;10001.5;1330.0
-1;67000;KELP;2015;25;;;;;2018;25;;;;;2016.5;254.8544921875
-1;67000;RAINFOREST_RESIN;9996;1;9995;24;;;10004;1;10005;24;;;10000.0;1330.0
-1;67100;RAINFOREST_RESIN;9995;23;;;;;10005;23;;;;;10000.0;1330.0
-1;67100;KELP;2015;23;;;;;2018;23;;;;;2016.5;254.42578125
-1;67200;RAINFOREST_RESIN;9996;2;9995;20;;;10002;3;10004;2;10005;20;9999.0;1330.0
-1;67200;KELP;2015;21;;;;;2018;22;;;;;2016.5;260.69775390625
-1;67300;KELP;2015;31;;;;;2018;30;;;;;2016.5;260.541015625
-1;67300;RAINFOREST_RESIN;9995;30;;;;;9998;3;10005;30;;;9996.5;1330.0
-1;67400;KELP;2015;26;;;;;2018;26;;;;;2016.5;259.66015625
-1;67400;RAINFOREST_RESIN;9998;4;9996;1;9995;25;10004;1;10005;25;;;10001.0;1336.0
-1;67500;RAINFOREST_RESIN;9995;21;;;;;10005;21;;;;;10000.0;1336.0
-1;67500;KELP;2015;20;;;;;2018;21;;;;;2016.5;259.9013671875
-1;67600;RAINFOREST_RESIN;9996;2;9995;25;;;10004;2;10005;25;;;10000.0;1336.0
-1;67600;KELP;2015;27;;;;;2018;27;;;;;2016.5;260.05712890625
-1;67700;KELP;2015;33;;;;;2018;30;;;;;2016.5;263.072265625
-1;67700;RAINFOREST_RESIN;9996;1;9995;29;;;10004;1;10005;29;;;10000.0;1336.0
-1;67800;KELP;2015;38;;;;;2018;30;;;;;2016.5;268.3203125
-1;67800;RAINFOREST_RESIN;9998;3;9995;30;;;10005;30;;;;;10001.5;1336.0
-1;67900;RAINFOREST_RESIN;9995;25;;;;;10005;25;;;;;10000.0;1336.0
-1;67900;KELP;2015;25;;;;;2018;25;;;;;2016.5;263.625
-1;68000;RAINFOREST_RESIN;9996;2;9995;21;;;10004;2;10005;21;;;10000.0;1336.0
-1;68000;KELP;2015;23;;;;;2018;23;;;;;2016.5;263.01171875
-1;68100;KELP;2015;31;;;;;2017;4;2018;31;;;2016.0;271.806640625
-1;68100;RAINFOREST_RESIN;9996;2;9995;29;;;10004;2;10005;29;;;10000.0;1336.0
-1;68200;KELP;2017;1;2015;31;;;2018;31;;;;;2017.5;269.71875
-1;68200;RAINFOREST_RESIN;9996;2;9995;29;;;10004;2;10005;29;;;10000.0;1336.0
-1;68300;RAINFOREST_RESIN;9996;1;9995;28;;;10004;1;10005;28;;;10000.0;1336.0
-1;68300;KELP;2017;1;2015;29;;;2018;29;;;;;2017.5;271.39453125
-1;68400;RAINFOREST_RESIN;9996;2;9995;26;;;10004;2;10005;26;;;10000.0;1336.0
-1;68400;KELP;2015;28;;;;;2018;28;;;;;2016.5;270.361328125
-1;68500;KELP;2015;23;;;;;2018;23;;;;;2016.5;269.421875
-1;68500;RAINFOREST_RESIN;9995;23;;;;;10002;5;10005;23;;;9998.5;1336.0
-1;68600;KELP;2015;24;;;;;2018;25;;;;;2016.5;269.81640625
-1;68600;RAINFOREST_RESIN;9996;1;9995;24;;;10004;1;10005;24;;;10000.0;1336.0
-1;68700;RAINFOREST_RESIN;9996;1;9995;27;;;10004;1;10005;27;;;10000.0;1336.0
-1;68700;KELP;2015;28;;;;;2018;28;;;;;2016.5;267.953125
-1;68800;RAINFOREST_RESIN;9995;22;;;;;9998;1;10005;22;;;9996.5;1336.0
-1;68800;KELP;2015;22;;;;;2018;22;;;;;2016.5;269.310546875
-1;68900;KELP;2017;1;2015;28;;;2018;28;;;;;2017.5;273.677734375
-1;68900;RAINFOREST_RESIN;9996;1;9995;27;;;10004;1;10005;27;;;10000.0;1338.0
-1;69000;KELP;2015;30;;;;;2018;30;;;;;2016.5;269.19140625
-1;69000;RAINFOREST_RESIN;9996;2;9995;28;;;10004;2;10005;28;;;10000.0;1338.0
-1;69100;RAINFOREST_RESIN;9998;9;9996;1;9995;30;10004;1;10005;30;;;10001.0;1338.0
-1;69100;KELP;2015;30;;;;;2018;31;;;;;2016.5;271.513671875
-1;69200;RAINFOREST_RESIN;9996;2;9995;28;;;10004;2;10005;28;;;10000.0;1338.0
-1;69200;KELP;2017;3;2015;30;;;2018;30;;;;;2017.5;271.986328125
-1;69300;KELP;2017;1;2015;21;;;2018;21;;;;;2017.5;274.509765625
-1;69300;RAINFOREST_RESIN;9995;21;;;;;9998;1;10005;21;;;9996.5;1338.0
-1;69400;KELP;2015;26;;;;;2018;26;;;;;2016.5;274.5
-1;69400;RAINFOREST_RESIN;10002;1;9998;2;9996;1;10004;1;10005;25;;;10003.0;1340.0
-1;69500;RAINFOREST_RESIN;9998;1;9996;2;9995;24;10004;2;10005;24;;;10001.0;1342.0
-1;69500;KELP;2015;32;;;;;2018;26;;;;;2016.5;273.869140625
-1;69600;RAINFOREST_RESIN;9995;23;;;;;10005;23;;;;;10000.0;1342.0
-1;69600;KELP;2015;22;;;;;2018;23;;;;;2016.5;274.03515625
-1;69700;KELP;2015;21;;;;;2018;21;;;;;2016.5;274.01953125
-1;69700;RAINFOREST_RESIN;10002;1;9996;1;9995;20;10004;1;10005;20;;;10003.0;1342.0
-1;69800;KELP;2015;24;;;;;2018;24;;;;;2016.5;271.255859375
-1;69800;RAINFOREST_RESIN;9996;1;9995;23;;;10004;1;10005;23;;;10000.0;1350.0
-1;69900;RAINFOREST_RESIN;9996;2;9995;27;;;10004;2;10005;27;;;10000.0;1350.0
-1;69900;KELP;2015;29;;;;;2018;29;;;;;2016.5;271.705078125
-1;70000;RAINFOREST_RESIN;9996;2;9995;27;;;10004;2;10005;27;;;10000.0;1350.0
-1;70000;KELP;2015;29;;;;;2018;29;;;;;2016.5;273.58203125
-1;70100;KELP;2015;23;;;;;2018;2;2019;22;;;2016.5;269.0
-1;70100;RAINFOREST_RESIN;9996;2;9995;22;;;10004;2;10005;22;;;10000.0;1350.0
-1;70200;KELP;2015;22;;;;;2018;22;;;;;2016.5;271.8046875
-1;70200;RAINFOREST_RESIN;9996;1;9995;21;;;10004;1;10005;21;;;10000.0;1350.0
-1;70300;RAINFOREST_RESIN;9996;1;9995;25;;;9998;2;10004;1;10005;25;9997.0;1350.0
-1;70300;KELP;2015;26;;;;;2018;26;;;;;2016.5;275.56640625
-1;70400;RAINFOREST_RESIN;9995;26;;;;;10005;26;;;;;10000.0;1354.0
-1;70400;KELP;2015;26;;;;;2017;6;2018;26;;;2016.0;277.796875
-1;70500;KELP;2015;23;;;;;2016;3;2017;3;2018;23;2015.5;274.93359375
-1;70500;RAINFOREST_RESIN;9995;23;;;;;10000;3;10005;23;;;9997.5;1354.0
-1;70600;RAINFOREST_RESIN;9996;1;9995;27;;;10004;1;10005;27;;;10000.0;1354.0
-1;70600;KELP;2015;34;;;;;2018;28;;;;;2016.5;272.607421875
-1;70700;KELP;2015;26;;;;;2018;26;;;;;2016.5;277.720703125
-1;70700;RAINFOREST_RESIN;9995;26;;;;;10005;26;;;;;10000.0;1360.0
-1;70800;RAINFOREST_RESIN;10002;1;9995;27;;;10005;27;;;;;10003.5;1360.0
-1;70800;KELP;2015;26;;;;;2018;27;;;;;2016.5;276.466796875
-1;70900;KELP;2015;32;;;;;2018;32;;;;;2016.5;276.27734375
-1;70900;RAINFOREST_RESIN;9996;2;9995;30;;;10004;2;10005;30;;;10000.0;1362.0
-1;71000;RAINFOREST_RESIN;9996;1;9995;29;;;10002;5;10004;1;10005;29;9999.0;1362.0
-1;71000;KELP;2015;30;;;;;2018;30;;;;;2016.5;276.646484375
-1;71100;KELP;2015;22;;;;;2018;22;;;;;2016.5;276.380859375
-1;71100;RAINFOREST_RESIN;9998;9;9996;1;9995;21;10004;1;10005;21;;;10001.0;1362.0
-1;71200;RAINFOREST_RESIN;10002;1;9996;1;9995;28;10004;1;10005;28;;;10003.0;1362.0
-1;71200;KELP;2015;28;;;;;2018;29;;;;;2016.5;276.671875
-1;71300;KELP;2015;28;;;;;2017;4;2018;28;;;2016.0;278.17578125
-1;71300;RAINFOREST_RESIN;9996;2;9995;26;;;10002;4;10004;2;10005;26;9999.0;1364.0
-1;71400;RAINFOREST_RESIN;9996;2;9995;24;;;10002;3;10004;2;10005;24;9999.0;1364.0
-1;71400;KELP;2015;26;;;;;2018;26;;;;;2016.5;278.650390625
-1;71500;KELP;2015;25;;;;;2018;28;;;;;2016.5;275.712890625
-1;71500;RAINFOREST_RESIN;10002;1;9996;2;9995;26;10004;2;10005;26;;;10003.0;1364.0
-1;71600;RAINFOREST_RESIN;9996;1;9995;27;;;9998;3;10004;1;10005;27;9997.0;1366.0
-1;71600;KELP;2014;28;;;;;2018;28;;;;;2016.0;280.96484375
-1;71700;KELP;2014;31;;;;;2016;4;2018;31;;;2015.0;280.78125
-1;71700;RAINFOREST_RESIN;9996;2;9995;29;;;10004;2;10005;29;;;10000.0;1372.0
-1;71800;RAINFOREST_RESIN;10002;1;9996;2;9995;25;10004;2;10005;25;;;10003.0;1372.0
-1;71800;KELP;2014;27;;;;;2018;27;;;;;2016.0;289.1015625
-1;71900;KELP;2014;26;;;;;2018;26;;;;;2016.0;288.697265625
-1;71900;RAINFOREST_RESIN;10002;1;9996;1;9995;25;10004;1;10005;25;;;10003.0;1374.0
-1;72000;RAINFOREST_RESIN;9996;1;9995;20;;;10004;1;10005;20;;;10000.0;1376.0
-1;72000;KELP;2015;21;;;;;2017;6;2018;21;;;2016.0;290.4375
-1;72100;KELP;2014;21;;;;;2016;5;2018;21;;;2015.0;289.18896484375
-1;72100;RAINFOREST_RESIN;9995;21;;;;;10005;21;;;;;10000.0;1376.0
-1;72200;RAINFOREST_RESIN;9996;2;9995;29;;;10004;2;10005;29;;;10000.0;1376.0
-1;72200;KELP;2016;3;2014;31;;;2018;31;;;;;2017.0;288.71533203125
-1;72300;KELP;2014;23;;;;;2018;23;;;;;2016.0;289.0
-1;72300;RAINFOREST_RESIN;9996;1;9995;22;;;10002;8;10004;1;10005;22;9999.0;1376.0
-1;72400;RAINFOREST_RESIN;10002;1;9996;2;9995;20;10004;2;10005;20;;;10003.0;1376.0
-1;72400;KELP;2014;22;;;;;2016;6;2018;22;;;2015.0;289.0
-1;72500;KELP;2014;34;;;;;2017;27;;;;;2015.5;289.0
-1;72500;RAINFOREST_RESIN;9996;2;9995;25;;;10004;2;10005;25;;;10000.0;1378.0
-1;72600;RAINFOREST_RESIN;9996;2;9995;27;;;10004;2;10005;27;;;10000.0;1380.0
-1;72600;KELP;2014;35;;;;;2015;4;2017;29;;;2014.5;289.26220703125
-1;72700;KELP;2014;23;;;;;2017;23;;;;;2015.5;291.935546875
-1;72700;RAINFOREST_RESIN;9995;23;;;;;10005;23;;;;;10000.0;1380.0
-1;72800;RAINFOREST_RESIN;9995;20;;;;;10005;20;;;;;10000.0;1380.0
-1;72800;KELP;2014;20;;;;;2017;20;;;;;2015.5;292.025390625
-1;72900;KELP;2014;24;;;;;2017;24;;;;;2015.5;291.9150390625
-1;72900;RAINFOREST_RESIN;9998;1;9996;2;9995;22;10004;2;10005;22;;;10001.0;1380.0
-1;73000;RAINFOREST_RESIN;9996;1;9995;21;;;10002;7;10004;1;10005;21;9999.0;1382.0
-1;73000;KELP;2014;21;;;;;2016;2;2017;22;;;2015.0;292.2890625
-1;73100;KELP;2014;31;;;;;2017;31;;;;;2015.5;291.955322265625
-1;73100;RAINFOREST_RESIN;9996;2;9995;29;;;10002;3;10004;2;10005;29;9999.0;1382.0
-1;73200;KELP;2014;21;;;;;2017;21;;;;;2015.5;291.726318359375
-1;73200;RAINFOREST_RESIN;9995;21;;;;;10005;21;;;;;10000.0;1382.0
-1;73300;RAINFOREST_RESIN;9996;1;9995;29;;;10004;1;10005;29;;;10000.0;1382.0
-1;73300;KELP;2014;30;;;;;2017;30;;;;;2015.5;291.5029296875
-1;73400;RAINFOREST_RESIN;9995;30;;;;;9998;1;10005;30;;;9996.5;1382.0
-1;73400;KELP;2014;30;;;;;2016;4;2017;30;;;2015.0;291.68408203125
-1;73500;KELP;2014;25;;;;;2017;25;;;;;2015.5;291.8251953125
-1;73500;RAINFOREST_RESIN;9996;2;9995;23;;;10004;2;10005;23;;;10000.0;1384.0
-1;73600;KELP;2014;25;;;;;2017;25;;;;;2015.5;291.86669921875
-1;73600;RAINFOREST_RESIN;9996;1;9995;24;;;10004;1;10005;24;;;10000.0;1384.0
-1;73700;RAINFOREST_RESIN;9995;24;;;;;10005;24;;;;;10000.0;1384.0
-1;73700;KELP;2014;24;;;;;2017;24;;;;;2015.5;292.4775390625
-1;73800;RAINFOREST_RESIN;9995;24;;;;;10005;24;;;;;10000.0;1384.0
-1;73800;KELP;2014;24;;;;;2016;5;2018;24;;;2015.0;293.124267578125
-1;73900;KELP;2015;27;;;;;2018;30;;;;;2016.5;294.344482421875
-1;73900;RAINFOREST_RESIN;9995;30;;;;;10005;30;;;;;10000.0;1384.0
-1;74000;KELP;2015;26;;;;;2017;3;2018;26;;;2016.0;293.6201171875
-1;74000;RAINFOREST_RESIN;10002;1;9998;10;9996;2;10004;2;10005;24;;;10003.0;1384.0
-1;74100;RAINFOREST_RESIN;10000;6;9996;2;9995;30;10004;2;10005;30;;;10002.0;1386.0
-1;74100;KELP;2016;6;2015;32;;;2018;32;;;;;2017.0;293.6357421875
