day;timestamp;product;bid_price_1;bid_volume_1;bid_price_2;bid_volume_2;bid_price_3;bid_volume_3;ask_price_1;ask_volume_1;ask_price_2;ask_volume_2;ask_price_3;ask_volume_3;mid_price;profit_and_loss
-1;0;RAINFOREST_RESIN;10002;1;9996;2;9995;29;10004;2;10005;29;;;10003.0;0.0
-1;0;KELP;2028;1;2026;2;2025;29;2029;31;;;;;2028.5;0.0
-1;100;KELP;2025;24;;;;;2028;2;2029;22;;;2026.5;17.361328125
-1;100;RAINFOREST_RESIN;9996;2;9995;22;;;10004;2;10005;22;;;10000.0;2.0
-1;200;RAINFOREST_RESIN;9995;20;;;;;10005;20;;;;;10000.0;2.0
-1;200;KELP;2025;22;;;;;2028;20;;;;;2026.5;18.537109375
-1;300;KELP;2025;31;;;;;2028;2;2029;29;;;2026.5;17.2109375
-1;300;RAINFOREST_RESIN;9996;2;9995;29;;;10004;2;10005;29;;;10000.0;2.0
-1;400;RAINFOREST_RESIN;9996;2;9995;25;;;10004;2;10005;25;;;10000.0;2.0
-1;400;KELP;2025;27;;;;;2028;27;;;;;2026.5;19.609375
-1;500;KELP;2025;30;;;;;2028;30;;;;;2026.5;23.1875
-1;500;RAINFOREST_RESIN;9995;30;;;;;10002;4;10005;30;;;9998.5;2.0
-1;600;RAINFOREST_RESIN;10000;5;9995;25;;;10005;25;;;;;10002.5;2.0
-1;600;KELP;2026;5;2025;31;;;2028;25;;;;;2027.0;26.734375
-1;700;KELP;2025;2;2024;23;;;2028;23;;;;;2026.5;32.81640625
-1;700;RAINFOREST_RESIN;9995;23;;;;;10005;23;;;;;10000.0;2.0
-1;800;RAINFOREST_RESIN;9996;1;9995;29;;;10004;1;10005;29;;;10000.0;2.0
-1;800;KELP;2024;1;2023;29;;;2027;30;;;;;2025.5;45.796875
-1;900;KELP;2024;23;;;;;2027;23;;;;;2025.5;35.92578125
-1;900;RAINFOREST_RESIN;9996;1;9995;22;;;10004;1;10005;22;;;10000.0;2.0
-1;1000;RAINFOREST_RESIN;9995;26;;;;;10005;26;;;;;10000.0;2.0
-1;1000;KELP;2024;26;;;;;2026;6;2027;26;;;2025.0;35.203125
-1;1100;KELP;2025;6;2024;26;;;2027;2;2028;24;;;2026.0;32.0859375
-1;1100;RAINFOREST_RESIN;9996;2;9995;24;;;10004;2;10005;24;;;10000.0;2.0
-1;1200;RAINFOREST_RESIN;9995;21;;;;;9998;1;10005;21;;;9996.5;34.0
-1;1200;KELP;2024;21;;;;;2026;8;2028;21;;;2025.0;30.51171875
-1;1300;KELP;2024;31;;;;;2028;31;;;;;2026.0;30.1220703125
-1;1300;RAINFOREST_RESIN;10002;1;9996;1;9995;30;10004;1;10005;30;;;10003.0;36.0
-1;1400;RAINFOREST_RESIN;9996;1;9995;25;;;10004;1;10005;25;;;10000.0;38.0
-1;1400;KELP;2025;3;2024;25;;;2028;26;;;;;2026.5;29.087890625
-1;1500;KELP;2024;27;;;;;2028;27;;;;;2026.0;28.775390625
-1;1500;RAINFOREST_RESIN;9995;27;;;;;10005;27;;;;;10000.0;38.0
-1;1600;RAINFOREST_RESIN;9995;29;;;;;10005;29;;;;;10000.0;38.0
-1;1600;KELP;2024;29;;;;;2026;4;2028;29;;;2025.0;29.318359375
-1;1700;KELP;2024;22;;;;;2026;8;2028;22;;;2025.0;29.942626953125
-1;1700;RAINFOREST_RESIN;9996;2;9995;20;;;10002;1;10004;2;10005;20;9999.0;38.0
-1;1800;RAINFOREST_RESIN;10002;1;9996;1;9995;22;10004;1;10005;22;;;10003.0;38.0
-1;1800;KELP;2024;23;;;;;2028;23;;;;;2026.0;39.25634765625
-1;1900;KELP;2024;29;;;;;2026;5;2027;29;;;2025.0;40.16552734375
-1;1900;RAINFOREST_RESIN;9996;1;9995;28;;;10004;1;10005;28;;;10000.0;40.0
-1;2000;KELP;2024;26;;;;;2027;26;;;;;2025.5;38.270263671875
-1;2000;RAINFOREST_RESIN;9996;2;9995;24;;;9998;1;10004;2;10005;24;9997.0;40.0
-1;2100;RAINFOREST_RESIN;9996;2;9995;25;;;10002;3;10004;2;10005;25;9999.0;42.0
-1;2100;KELP;2024;27;;;;;2027;2;2028;25;;;2025.5;38.624267578125
-1;2200;RAINFOREST_RESIN;9998;8;9996;1;9995;24;10004;1;10005;24;;;10001.0;42.0
-1;2200;KELP;2024;25;;;;;2026;7;2027;1;2028;24;2025.0;38.7255859375
-1;2300;KELP;2024;32;;;;;2028;32;;;;;2026.0;39.005859375
-1;2300;RAINFOREST_RESIN;9998;7;9996;2;9995;30;10004;2;10005;30;;;10001.0;42.0
-1;2400;KELP;2024;29;;;;;2025;1;2028;29;;;2024.5;39.638671875
-1;2400;RAINFOREST_RESIN;9995;29;;;;;10005;29;;;;;10000.0;42.0
-1;2500;RAINFOREST_RESIN;9996;1;9995;22;;;10004;1;10005;22;;;10000.0;42.0
-1;2500;KELP;2025;2;2024;23;;;2027;1;2028;22;;;2026.0;38.751953125
-1;2600;RAINFOREST_RESIN;9995;23;;;;;10005;23;;;;;10000.0;42.0
-1;2600;KELP;2025;3;2024;23;;;2028;23;;;;;2026.5;38.779296875
-1;2700;KELP;2024;26;;;;;2027;26;;;;;2025.5;37.478515625
-1;2700;RAINFOREST_RESIN;9998;6;9995;26;;;10005;26;;;;;10001.5;42.0
-1;2800;KELP;2023;25;;;;;2027;25;;;;;2025.0;31.107421875
-1;2800;RAINFOREST_RESIN;9995;25;;;;;10005;25;;;;;10000.0;42.0
-1;2900;RAINFOREST_RESIN;9996;1;9995;25;;;10004;1;10005;25;;;10000.0;42.0
-1;2900;KELP;2023;26;;;;;2027;26;;;;;2025.0;29.890625
-1;3000;RAINFOREST_RESIN;9998;1;9995;26;;;10005;26;;;;;10001.5;86.0
-1;3000;KELP;2024;29;;;;;2027;26;;;;;2025.5;33.181640625
-1;3100;KELP;2023;26;;;;;2025;5;2026;26;;;2024.0;24.939453125
-1;3100;RAINFOREST_RESIN;9996;2;9995;24;;;10004;2;10005;24;;;10000.0;90.0
-1;3200;KELP;2023;23;;;;;2025;3;2026;23;;;2024.0;27.537109375
-1;3200;RAINFOREST_RESIN;9996;1;9995;22;;;10004;1;10005;22;;;10000.0;90.0
-1;3300;RAINFOREST_RESIN;9996;2;9995;30;;;10004;2;10005;30;;;10000.0;94.0
-1;3300;KELP;2023;32;;;;;2025;2;2026;32;;;2024.0;30.37109375
-1;3400;RAINFOREST_RESIN;9996;2;9995;24;;;10004;2;10005;24;;;10000.0;94.0
-1;3400;KELP;2023;26;;;;;2026;26;;;;;2024.5;30.013671875
-1;3500;KELP;2023;26;;;;;2026;26;;;;;2024.5;30.23046875
-1;3500;RAINFOREST_RESIN;9995;26;;;;;10005;26;;;;;10000.0;94.0
-1;3600;KELP;2023;21;;;;;2026;21;;;;;2024.5;30.1875
-1;3600;RAINFOREST_RESIN;9995;21;;;;;9998;4;10005;21;;;9996.5;94.0
-1;3700;RAINFOREST_RESIN;10002;1;9996;1;9995;23;10004;1;10005;23;;;10003.0;102.0
-1;3700;KELP;2023;27;;;;;2026;24;;;;;2024.5;26.26171875
-1;3800;RAINFOREST_RESIN;9996;2;9995;23;;;10002;10;10004;2;10005;23;9999.0;104.0
-1;3800;KELP;2023;25;;;;;2026;25;;;;;2024.5;26.126953125
-1;3900;KELP;2023;28;;;;;2026;26;;;;;2024.5;33.31640625
-1;3900;RAINFOREST_RESIN;9998;1;9996;1;9995;25;10004;1;10005;25;;;10001.0;104.0
-1;4000;KELP;2023;32;;;;;2026;32;;;;;2024.5;38.796875
-1;4000;RAINFOREST_RESIN;9996;2;9995;30;;;10004;2;10005;30;;;10000.0;104.0
-1;4100;RAINFOREST_RESIN;9996;2;9995;27;;;10004;2;10005;27;;;10000.0;104.0
-1;4100;KELP;2023;29;;;;;2027;29;;;;;2025.0;49.203125
-1;4200;RAINFOREST_RESIN;9996;2;9995;24;;;10002;4;10004;2;10005;24;9999.0;104.0
-1;4200;KELP;2023;26;;;;;2027;26;;;;;2025.0;48.78125
-1;4300;KELP;2023;29;;;;;2024;5;2026;22;;;2023.5;38.09765625
-1;4300;RAINFOREST_RESIN;9995;22;;;;;9998;1;10000;6;10005;22;9996.5;120.0
-1;4400;KELP;2023;30;;;;;2026;30;;;;;2024.5;39.55859375
-1;4400;RAINFOREST_RESIN;9995;30;;;;;10005;30;;;;;10000.0;130.0
-1;4500;RAINFOREST_RESIN;9996;1;9995;28;;;10002;10;10004;1;10005;28;9999.0;130.0
-1;4500;KELP;2023;28;;;;;2026;29;;;;;2024.5;36.96875
-1;4600;RAINFOREST_RESIN;9996;1;9995;29;;;10002;10;10004;1;10005;29;9999.0;130.0
-1;4600;KELP;2023;30;;;;;2026;30;;;;;2024.5;37.59765625
-1;4700;KELP;2023;25;;;;;2025;3;2026;32;;;2024.0;42.98828125
-1;4700;RAINFOREST_RESIN;9996;2;9995;30;;;10004;2;10005;30;;;10000.0;130.0
-1;4800;KELP;2023;24;;;;;2027;24;;;;;2025.0;49.01953125
-1;4800;RAINFOREST_RESIN;9998;6;9996;2;9995;22;10004;2;10005;22;;;10001.0;130.0
-1;4900;RAINFOREST_RESIN;9995;22;;;;;10002;7;10005;22;;;9998.5;130.0
-1;4900;KELP;2023;22;;;;;2027;22;;;;;2025.0;52.69921875
-1;5000;RAINFOREST_RESIN;9998;3;9996;2;9995;28;10004;2;10005;28;;;10001.0;130.0
-1;5000;KELP;2023;30;;;;;2026;30;;;;;2024.5;41.69140625
-1;5100;KELP;2023;37;;;;;2026;31;;;;;2024.5;42.25390625
-1;5100;RAINFOREST_RESIN;9996;1;9995;30;;;10004;1;10005;30;;;10000.0;130.0
-1;5200;KELP;2023;35;;;;;2026;27;;;;;2024.5;41.421875
-1;5200;RAINFOREST_RESIN;9998;9;9996;1;9995;26;10004;1;10005;26;;;10001.0;130.0
-1;5300;RAINFOREST_RESIN;9996;1;9995;20;;;10004;1;10005;20;;;10000.0;130.0
-1;5300;KELP;2025;1;2023;21;;;2026;21;;;;;2025.5;42.5078125
-1;5400;RAINFOREST_RESIN;9995;21;;;;;10005;21;;;;;10000.0;130.0
-1;5400;KELP;2023;21;;;;;2025;6;2027;21;;;2024.0;51.53125
-1;5500;KELP;2023;27;;;;;2027;27;;;;;2025.0;54.91796875
-1;5500;RAINFOREST_RESIN;9995;27;;;;;10005;27;;;;;10000.0;130.0
-1;5600;KELP;2025;2;2023;28;;;2027;28;;;;;2026.0;56.41796875
-1;5600;RAINFOREST_RESIN;9995;28;;;;;10005;28;;;;;10000.0;130.0
-1;5700;RAINFOREST_RESIN;9998;2;9995;27;;;10005;27;;;;;10001.5;130.0
-1;5700;KELP;2024;26;;;;;2027;27;;;;;2025.5;58.73046875
-1;5800;RAINFOREST_RESIN;9996;1;9995;30;;;10004;1;10005;30;;;10000.0;130.0
-1;5800;KELP;2024;31;;;;;2027;31;;;;;2025.5;68.42578125
-1;5900;KELP;2024;35;;;;;2027;30;;;;;2025.5;66.13671875
-1;5900;RAINFOREST_RESIN;9996;2;9995;28;;;10004;2;10005;28;;;10000.0;130.0
-1;6000;KELP;2024;30;;;;;2027;30;;;;;2025.5;64.7265625
-1;6000;RAINFOREST_RESIN;9995;30;;;;;10005;30;;;;;10000.0;130.0
-1;6100;RAINFOREST_RESIN;9996;1;9995;24;;;10004;1;10005;24;;;10000.0;130.0
-1;6100;KELP;2024;24;;;;;2027;25;;;;;2025.5;64.7421875
-1;6200;RAINFOREST_RESIN;9996;1;9995;21;;;10004;1;10005;21;;;10000.0;130.0
-1;6200;KELP;2024;22;;;;;2027;22;;;;;2025.5;66.27734375
-1;6300;KELP;2024;30;;;;;2027;25;;;;;2025.5;72.76171875
-1;6300;RAINFOREST_RESIN;9996;2;9995;23;;;10004;2;10005;23;;;10000.0;130.0
-1;6400;KELP;2024;25;;;;;2027;25;;;;;2025.5;72.12890625
-1;6400;RAINFOREST_RESIN;9996;1;9995;24;;;10004;1;10005;24;;;10000.0;130.0
-1;6500;RAINFOREST_RESIN;9996;1;9995;26;;;9998;1;10004;1;10005;26;9997.0;130.0
-1;6500;KELP;2024;27;;;;;2027;27;;;;;2025.5;65.9453125
-1;6600;RAINFOREST_RESIN;9996;2;9995;24;;;10004;2;10005;24;;;10000.0;132.0
-1;6600;KELP;2024;26;;;;;2028;26;;;;;2026.0;80.47265625
-1;6700;KELP;2025;7;2024;20;;;2028;20;;;;;2026.5;84.83203125
-1;6700;RAINFOREST_RESIN;9995;20;;;;;10002;3;10005;20;;;9998.5;156.0
-1;6800;KELP;2024;32;;;;;2026;8;2027;2;2028;30;2025.0;74.87890625
-1;6800;RAINFOREST_RESIN;9996;2;9995;30;;;10004;2;10005;30;;;10000.0;156.0
-1;6900;RAINFOREST_RESIN;9996;1;9995;26;;;10002;5;10004;1;10005;26;9999.0;156.0
-1;6900;KELP;2024;27;;;;;2026;1;2027;27;;;2025.0;69.8515625
-1;7000;RAINFOREST_RESIN;9998;2;9995;27;;;10005;27;;;;;10001.5;156.0
-1;7000;KELP;2026;4;2024;27;;;2027;27;;;;;2026.5;71.38671875
-1;7100;KELP;2024;30;;;;;2027;30;;;;;2025.5;68.70703125
-1;7100;RAINFOREST_RESIN;9996;1;9995;29;;;10004;1;10005;29;;;10000.0;164.0
-1;7200;KELP;2024;28;;;;;2027;28;;;;;2025.5;66.1875
-1;7200;RAINFOREST_RESIN;9998;5;9996;1;9995;27;10004;1;10005;27;;;10001.0;164.0
-1;7300;RAINFOREST_RESIN;10002;1;9996;2;9995;29;10004;2;10005;29;;;10003.0;164.0
-1;7300;KELP;2024;35;;;;;2027;31;;;;;2025.5;66.0
-1;7400;RAINFOREST_RESIN;9996;1;9995;22;;;10004;1;10005;22;;;10000.0;166.0
-1;7400;KELP;2024;22;;;;;2027;23;;;;;2025.5;68.33203125
-1;7500;KELP;2024;25;;;;;2027;25;;;;;2025.5;70.0546875
-1;7500;RAINFOREST_RESIN;9995;25;;;;;10002;10;10005;25;;;9998.5;166.0
-1;7600;KELP;2024;22;;;;;2027;22;;;;;2025.5;69.6484375
-1;7600;RAINFOREST_RESIN;9996;2;9995;20;;;10004;2;10005;20;;;10000.0;166.0
-1;7700;RAINFOREST_RESIN;9995;22;;;;;10005;22;;;;;10000.0;166.0
-1;7700;KELP;2024;21;;;;;2027;22;;;;;2025.5;69.22265625
-1;7800;RAINFOREST_RESIN;9998;3;9996;1;9995;22;10004;1;10005;22;;;10001.0;166.0
-1;7800;KELP;2024;23;;;;;2027;23;;;;;2025.5;68.84375
-1;7900;KELP;2024;31;;;;;2027;27;;;;;2025.5;68.61328125
-1;7900;RAINFOREST_RESIN;9996;1;9995;26;;;10004;1;10005;26;;;10000.0;166.0
-1;8000;KELP;2024;27;;;;;2026;8;2027;27;;;2025.0;66.39453125
-1;8000;RAINFOREST_RESIN;9995;27;;;;;10005;27;;;;;10000.0;166.0
-1;8100;RAINFOREST_RESIN;9996;1;9995;22;;;10004;1;10005;22;;;10000.0;166.0
-1;8100;KELP;2023;23;;;;;2027;23;;;;;2025.0;49.640625
-1;8200;RAINFOREST_RESIN;9995;23;;;;;10005;23;;;;;10000.0;206.0
-1;8200;KELP;2023;23;;;;;2025;1;2026;23;;;2024.0;46.51171875
-1;8300;KELP;2023;30;;;;;2026;30;;;;;2024.5;36.7578125
-1;8300;RAINFOREST_RESIN;9996;1;9995;29;;;10004;1;10005;29;;;10000.0;206.0
-1;8400;RAINFOREST_RESIN;9995;28;;;;;10005;28;;;;;10000.0;206.0
-1;8400;KELP;2023;28;;;;;2026;28;;;;;2024.5;37.2578125
-1;8500;KELP;2023;31;;;;;2026;31;;;;;2024.5;35.046875
-1;8500;RAINFOREST_RESIN;9998;10;9996;2;9995;29;10004;2;10005;29;;;10001.0;206.0
-1;8600;RAINFOREST_RESIN;9996;1;9995;22;;;10004;1;10005;22;;;10000.0;206.0
-1;8600;KELP;2023;22;;;;;2026;23;;;;;2024.5;39.6171875
-1;8700;KELP;2023;27;;;;;2025;4;2026;27;;;2024.0;44.42578125
-1;8700;RAINFOREST_RESIN;9998;10;9995;27;;;10005;27;;;;;10001.5;206.0
-1;8800;RAINFOREST_RESIN;9995;25;;;;;9998;1;10005;25;;;9996.5;206.0
-1;8800;KELP;2024;7;2023;25;;;2027;25;;;;;2025.5;52.74609375
-1;8900;KELP;2024;1;2023;26;;;2027;26;;;;;2025.5;51.2890625
-1;8900;RAINFOREST_RESIN;9998;9;9995;26;;;10005;26;;;;;10001.5;208.0
-1;9000;RAINFOREST_RESIN;9996;2;9995;29;;;10004;2;10005;29;;;10000.0;208.0
-1;9000;KELP;2023;31;;;;;2027;31;;;;;2025.0;50.6875
-1;9100;KELP;2023;29;;;;;2026;2;2027;27;;;2024.5;48.3671875
-1;9100;RAINFOREST_RESIN;9998;3;9996;2;9995;27;10004;2;10005;27;;;10001.0;208.0
-1;9200;RAINFOREST_RESIN;9998;10;9995;27;;;10005;27;;;;;10001.5;208.0
-1;9200;KELP;2023;27;;;;;2025;7;2026;27;;;2024.0;46.88671875
-1;9300;KELP;2023;21;;;;;2026;21;;;;;2024.5;41.80078125
-1;9300;RAINFOREST_RESIN;9996;1;9995;20;;;10004;1;10005;20;;;10000.0;208.0
-1;9400;RAINFOREST_RESIN;9998;2;9996;2;9995;21;10004;2;10005;21;;;10001.0;208.0
-1;9400;KELP;2023;23;;;;;2026;23;;;;;2024.5;39.421875
-1;9500;KELP;2023;35;;;;;2026;31;;;;;2024.5;41.3671875
-1;9500;RAINFOREST_RESIN;9996;1;9995;30;;;10004;1;10005;30;;;10000.0;208.0
-1;9600;RAINFOREST_RESIN;9996;1;9995;30;;;10004;1;10005;30;;;10000.0;208.0
-1;9600;KELP;2023;31;;;;;2026;31;;;;;2024.5;37.0859375
-1;9700;KELP;2023;22;;;;;2026;22;;;;;2024.5;37.0546875
-1;9700;RAINFOREST_RESIN;9995;22;;;;;10002;1;10005;22;;;9998.5;208.0
-1;9800;RAINFOREST_RESIN;9995;26;;;;;10005;26;;;;;10000.0;208.0
-1;9800;KELP;2023;26;;;;;2026;26;;;;;2024.5;38.41015625
-1;9900;KELP;2025;4;2023;25;;;2026;25;;;;;2025.5;43.80859375
-1;9900;RAINFOREST_RESIN;9995;25;;;;;10005;25;;;;;10000.0;208.0
-1;10000;RAINFOREST_RESIN;9995;28;;;;;10005;28;;;;;10000.0;208.0
-1;10000;KELP;2023;36;;;;;2026;28;;;;;2024.5;44.578125
-1;10100;KELP;2023;25;;;;;2026;25;;;;;2024.5;42.48046875
-1;10100;RAINFOREST_RESIN;9996;1;9995;24;;;10002;3;10004;1;10005;24;9999.0;208.0
-1;10200;RAINFOREST_RESIN;9996;2;9995;26;;;10004;2;10005;26;;;10000.0;208.0
-1;10200;KELP;2022;28;;;;;2026;28;;;;;2024.0;28.4921875
-1;10300;KELP;2024;1;2022;35;;;2025;27;;;;;2024.5;14.5625
-1;10300;RAINFOREST_RESIN;9998;4;9995;27;;;10005;27;;;;;10001.5;208.0
-1;10400;RAINFOREST_RESIN;10002;1;9996;1;9995;28;10004;1;10005;28;;;10003.0;208.0
-1;10400;KELP;2023;1;2022;29;;;2026;29;;;;;2024.5;30.07421875
-1;10500;KELP;2023;2;2022;29;;;2026;31;;;;;2024.5;32.21875
-1;10500;RAINFOREST_RESIN;9998;4;9996;2;9995;29;10004;2;10005;29;;;10001.0;210.0
-1;10600;RAINFOREST_RESIN;9996;2;9995;29;;;10000;4;10004;2;10005;29;9998.0;210.0
-1;10600;KELP;2022;31;;;;;2023;4;2024;4;2025;31;2022.5;19.28125
-1;10700;KELP;2022;29;;;;;2025;28;;;;;2023.5;16.30859375
-1;10700;RAINFOREST_RESIN;9998;8;9995;28;;;10005;28;;;;;10001.5;210.0
-1;10800;RAINFOREST_RESIN;9998;5;9996;2;9995;22;10004;2;10005;22;;;10001.0;210.0
-1;10800;KELP;2022;27;;;;;2025;24;;;;;2023.5;19.03515625
-1;10900;KELP;2022;35;;;;;2025;28;;;;;2023.5;18.2265625
-1;10900;RAINFOREST_RESIN;9996;1;9995;27;;;10004;1;10005;27;;;10000.0;250.0
-1;11000;KELP;2024;7;2022;24;;;2025;24;;;;;2024.5;18.14453125
-1;11000;RAINFOREST_RESIN;9995;24;;;;;10002;7;10005;24;;;9998.5;250.0
-1;11100;RAINFOREST_RESIN;9998;3;9995;21;;;10005;21;;;;;10001.5;250.0
-1;11100;KELP;2022;21;;;;;2025;21;;;;;2023.5;22.90625
-1;11200;RAINFOREST_RESIN;9996;2;9995;21;;;10002;7;10004;2;10005;21;9999.0;250.0
-1;11200;KELP;2022;23;;;;;2025;23;;;;;2023.5;20.9765625
-1;11300;KELP;2022;25;;;;;2025;22;;;;;2023.5;22.78515625
-1;11300;RAINFOREST_RESIN;9996;1;9995;21;;;10004;1;10005;21;;;10000.0;250.0
-1;11400;KELP;2022;26;;;;;2025;26;;;;;2023.5;25.38671875
-1;11400;RAINFOREST_RESIN;9996;1;9995;25;;;10004;1;10005;25;;;10000.0;250.0
-1;11500;RAINFOREST_RESIN;9996;1;9995;25;;;10002;7;10004;1;10005;25;9999.0;254.0
-1;11500;KELP;2022;26;;;;;2024;8;2025;26;;;2023.0;25.671875
-1;11600;RAINFOREST_RESIN;9996;2;9995;27;;;10002;2;10004;2;10005;27;9999.0;254.0
-1;11600;KELP;2022;29;;;;;2026;29;;;;;2024.0;37.8828125
-1;11700;KELP;2022;23;;;;;2023;2;2026;23;;;2022.5;33.05078125
-1;11700;RAINFOREST_RESIN;9996;2;9995;21;;;10004;2;10005;21;;;10000.0;254.0
-1;11800;KELP;2022;29;;;;;2024;4;2026;29;;;2023.0;42.1015625
-1;11800;RAINFOREST_RESIN;9998;10;9995;29;;;10000;5;10005;29;;;9999.0;254.0
-1;11900;RAINFOREST_RESIN;9996;2;9995;30;;;10004;2;10005;30;;;10000.0;254.0
-1;11900;KELP;2023;2;2022;30;;;2024;3;2026;32;;;2023.5;40.96875
-1;12000;RAINFOREST_RESIN;10002;1;9995;20;;;10005;20;;;;;10003.5;254.0
-1;12000;KELP;2023;20;;;;;2026;20;;;;;2024.5;50.1875
-1;12100;KELP;2023;27;;;;;2025;1;2026;27;;;2024.0;49.83203125
-1;12100;RAINFOREST_RESIN;9996;2;9995;25;;;10004;2;10005;25;;;10000.0;256.0
-1;12200;KELP;2023;34;;;;;2026;30;;;;;2024.5;49.4609375
-1;12200;RAINFOREST_RESIN;9996;2;9995;28;;;10004;2;10005;28;;;10000.0;256.0
-1;12300;RAINFOREST_RESIN;9998;6;9996;1;9995;28;10004;1;10005;28;;;10001.0;256.0
-1;12300;KELP;2023;29;;;;;2026;29;;;;;2024.5;51.19140625
-1;12400;RAINFOREST_RESIN;9995;26;;;;;10005;26;;;;;10000.0;256.0
-1;12400;KELP;2023;30;;;;;2026;26;;;;;2024.5;52.5703125
-1;12500;KELP;2023;19;;;;;2026;20;;;;;2024.5;57.603515625
-1;12500;RAINFOREST_RESIN;9995;20;;;;;10005;20;;;;;10000.0;256.0
-1;12600;KELP;2023;22;;;;;2026;22;;;;;2024.5;55.986328125
-1;12600;RAINFOREST_RESIN;9995;22;;;;;10005;22;;;;;10000.0;256.0
-1;12700;RAINFOREST_RESIN;9996;2;9995;20;;;10004;2;10005;20;;;10000.0;256.0
-1;12700;KELP;2023;22;;;;;2026;22;;;;;2024.5;57.1953125
-1;12800;RAINFOREST_RESIN;9996;2;9995;20;;;10004;2;10005;20;;;10000.0;256.0
-1;12800;KELP;2023;22;;;;;2026;22;;;;;2024.5;58.107421875
-1;12900;KELP;2023;36;;;;;2026;29;;;;;2024.5;59.283203125
-1;12900;RAINFOREST_RESIN;9996;1;9995;28;;;10002;3;10004;1;10005;28;9999.0;256.0
-1;13000;KELP;2025;1;2023;6;2022;20;2026;20;;;;;2025.5;53.875
-1;13000;RAINFOREST_RESIN;10002;1;9995;20;;;10005;20;;;;;10003.5;256.0
-1;13100;RAINFOREST_RESIN;9996;1;9995;25;;;10004;1;10005;25;;;10000.0;258.0
-1;13100;KELP;2023;33;;;;;2026;26;;;;;2024.5;56.435546875
-1;13200;RAINFOREST_RESIN;9998;2;9995;22;;;10005;22;;;;;10001.5;258.0
-1;13200;KELP;2022;22;;;;;2025;5;2026;22;;;2023.5;55.55859375
-1;13300;KELP;2023;6;2022;24;;;2026;24;;;;;2024.5;55.1875
-1;13300;RAINFOREST_RESIN;9995;24;;;;;10005;24;;;;;10000.0;258.0
-1;13400;KELP;2023;32;;;;;2026;32;;;;;2024.5;57.201171875
-1;13400;RAINFOREST_RESIN;9996;2;9995;30;;;10004;2;10005;30;;;10000.0;266.0
-1;13500;RAINFOREST_RESIN;9995;30;;;;;10005;30;;;;;10000.0;266.0
-1;13500;KELP;2022;30;;;;;2025;8;2026;30;;;2023.5;57.080078125
-1;13600;RAINFOREST_RESIN;9995;25;;;;;10002;10;10005;25;;;9998.5;266.0
-1;13600;KELP;2023;24;;;;;2025;3;2026;25;;;2024.0;58.615234375
-1;13700;KELP;2023;25;;;;;2026;21;;;;;2024.5;58.6484375
-1;13700;RAINFOREST_RESIN;9996;1;9995;20;;;9998;4;10004;1;10005;20;9997.0;266.0
-1;13800;KELP;2023;23;;;;;2026;22;;;;;2024.5;59.255859375
-1;13800;RAINFOREST_RESIN;9996;2;9995;20;;;10004;2;10005;20;;;10000.0;274.0
-1;13900;RAINFOREST_RESIN;9996;2;9995;20;;;10000;6;10004;2;10005;20;9998.0;274.0
-1;13900;KELP;2023;22;;;;;2024;6;2025;4;2026;22;2023.5;57.921875
-1;14000;RAINFOREST_RESIN;9998;5;9996;2;9995;27;10004;2;10005;27;;;10001.0;274.0
-1;14000;KELP;2023;3;2022;29;;;2026;29;;;;;2024.5;56.724609375
-1;14100;KELP;2023;25;;;;;2025;1;2026;25;;;2024.0;61.99609375
-1;14100;RAINFOREST_RESIN;9996;2;9995;23;;;10004;2;10005;23;;;10000.0;274.0
-1;14200;KELP;2023;20;;;;;2026;21;;;;;2024.5;62.302734375
-1;14200;RAINFOREST_RESIN;9995;21;;;;;10005;21;;;;;10000.0;274.0
-1;14300;RAINFOREST_RESIN;9996;2;9995;27;;;10004;2;10005;27;;;10000.0;274.0
-1;14300;KELP;2022;29;;;;;2026;29;;;;;2024.0;55.0390625
-1;14400;RAINFOREST_RESIN;9996;1;9995;29;;;10004;1;10005;29;;;10000.0;274.0
-1;14400;KELP;2023;30;;;;;2026;30;;;;;2024.5;58.68359375
-1;14500;KELP;2023;24;;;;;2026;24;;;;;2024.5;59.33203125
-1;14500;RAINFOREST_RESIN;9995;24;;;;;10002;1;10005;24;;;9998.5;274.0
-1;14600;KELP;2022;28;;;;;2024;2;2026;28;;;2023.0;56.19921875
-1;14600;RAINFOREST_RESIN;9996;2;9995;26;;;10000;2;10004;2;10005;26;9998.0;274.0
-1;14700;RAINFOREST_RESIN;9995;30;;;;;10002;7;10005;30;;;9998.5;274.0
-1;14700;KELP;2022;30;;;;;2025;30;;;;;2023.5;49.43359375
-1;14800;RAINFOREST_RESIN;9995;28;;;;;10002;6;10005;28;;;9998.5;274.0
-1;14800;KELP;2022;28;;;;;2025;28;;;;;2023.5;49.23046875
-1;14900;KELP;2023;4;2022;26;;;2025;26;;;;;2024.0;48.71484375
-1;14900;RAINFOREST_RESIN;10000;4;9995;26;;;10005;26;;;;;10002.5;274.0
-1;15000;KELP;2024;8;2022;25;;;2025;25;;;;;2024.5;47.2421875
-1;15000;RAINFOREST_RESIN;9998;1;9995;25;;;10005;25;;;;;10001.5;274.0
-1;15100;RAINFOREST_RESIN;9995;22;;;;;10005;22;;;;;10000.0;274.0
-1;15100;KELP;2022;27;;;;;2025;22;;;;;2023.5;48.845703125
-1;15200;RAINFOREST_RESIN;9998;6;9995;27;;;10005;27;;;;;10001.5;274.0
-1;15200;KELP;2022;26;;;;;2025;27;;;;;2023.5;48.7421875
-1;15300;KELP;2022;26;;;;;2024;4;2025;26;;;2023.0;48.390625
-1;15300;RAINFOREST_RESIN;9995;26;;;;;10002;1;10005;26;;;9998.5;274.0
-1;15400;KELP;2022;35;;;;;2025;30;;;;;2023.5;44.908203125
-1;15400;RAINFOREST_RESIN;9996;2;9995;28;;;9998;1;10004;2;10005;28;9997.0;274.0
-1;15500;RAINFOREST_RESIN;10002;1;9996;2;9995;29;10004;2;10005;29;;;10003.0;276.0
-1;15500;KELP;2022;31;;;;;2024;8;2025;31;;;2023.0;46.625
-1;15600;RAINFOREST_RESIN;9996;2;9995;24;;;10004;2;10005;24;;;10000.0;278.0
-1;15600;KELP;2022;31;;;;;2025;26;;;;;2023.5;44.07421875
-1;15700;KELP;2022;25;;;;;2025;25;;;;;2023.5;48.24609375
-1;15700;RAINFOREST_RESIN;10002;5;9996;1;9995;24;10004;1;10005;24;;;10003.0;278.0
-1;15800;KELP;2025;1;2022;22;;;2026;22;;;;;2025.5;55.18359375
-1;15800;RAINFOREST_RESIN;9998;10;9996;2;9995;20;10004;2;10005;20;;;10001.0;288.0
-1;15900;RAINFOREST_RESIN;9996;2;9995;29;;;10000;6;10004;2;10005;29;9998.0;288.0
-1;15900;KELP;2023;31;;;;;2024;6;2025;2;2026;31;2023.5;62.0390625
-1;16000;RAINFOREST_RESIN;9996;2;9995;27;;;10002;6;10004;2;10005;27;9999.0;288.0
-1;16000;KELP;2023;29;;;;;2025;2;2026;29;;;2024.0;62.70703125
-1;16100;KELP;2022;21;;;;;2023;2;2026;21;;;2022.5;51.703125
-1;16100;RAINFOREST_RESIN;9995;21;;;;;10000;2;10002;10;10005;21;9997.5;288.0
-1;16200;KELP;2022;24;;;;;2023;1;2026;24;;;2022.5;56.484375
-1;16200;RAINFOREST_RESIN;9995;24;;;;;9998;1;10005;24;;;9996.5;288.0
-1;16300;RAINFOREST_RESIN;9996;1;9995;22;;;10004;1;10005;22;;;10000.0;290.0
-1;16300;KELP;2023;2;2022;23;;;2026;23;;;;;2024.5;56.546875
-1;16400;RAINFOREST_RESIN;9996;2;9995;30;;;10002;3;10004;2;10005;30;9999.0;318.0
-1;16400;KELP;2023;2;2022;30;;;2026;32;;;;;2024.5;62.2265625
-1;16500;KELP;2023;2;2022;21;;;2026;23;;;;;2024.5;62.8671875
-1;16500;RAINFOREST_RESIN;9996;2;9995;21;;;10002;7;10004;2;10005;21;9999.0;318.0
-1;16600;KELP;2022;30;;;;;2023;1;2026;30;;;2022.5;60.02734375
-1;16600;RAINFOREST_RESIN;9998;4;9996;2;9995;28;10004;2;10005;28;;;10001.0;318.0
-1;16700;RAINFOREST_RESIN;10002;1;9995;26;;;10005;26;;;;;10003.5;318.0
-1;16700;KELP;2025;1;2022;26;;;2026;26;;;;;2025.5;63.4921875
-1;16800;RAINFOREST_RESIN;9995;26;;;;;10005;26;;;;;10000.0;320.0
-1;16800;KELP;2022;26;;;;;2026;26;;;;;2024.0;61.28515625
-1;16900;KELP;2023;1;2022;25;;;2026;26;;;;;2024.5;64.6328125
-1;16900;RAINFOREST_RESIN;9996;1;9995;25;;;10004;1;10005;25;;;10000.0;340.0
-1;17000;KELP;2023;29;;;;;2026;29;;;;;2024.5;68.0390625
-1;17000;RAINFOREST_RESIN;9998;9;9995;29;;;10005;29;;;;;10001.5;340.0
-1;17100;KELP;2023;23;;;;;2026;23;;;;;2024.5;71.04296875
-1;17100;RAINFOREST_RESIN;9996;2;9995;21;;;10004;2;10005;21;;;10000.0;340.0
-1;17200;RAINFOREST_RESIN;9998;3;9996;2;9995;22;10004;2;10005;22;;;10001.0;340.0
-1;17200;KELP;2023;24;;;;;2026;24;;;;;2024.5;74.65625
-1;17300;KELP;2023;25;;;;;2025;6;2026;25;;;2024.0;76.9765625
-1;17300;RAINFOREST_RESIN;9996;2;9995;23;;;10002;9;10004;2;10005;23;9999.0;340.0
-1;17400;RAINFOREST_RESIN;10000;6;9998;7;9995;28;10005;28;;;;;10002.5;340.0
-1;17400;KELP;2024;6;2023;28;;;2026;28;;;;;2025.0;82.9375
-1;17500;KELP;2023;26;;;;;2027;26;;;;;2025.0;79.015625
-1;17500;RAINFOREST_RESIN;9995;26;;;;;10005;26;;;;;10000.0;340.0
-1;17600;RAINFOREST_RESIN;9998;6;9995;30;;;10005;30;;;;;10001.5;340.0
-1;17600;KELP;2023;30;;;;;2026;30;;;;;2024.5;76.734375
-1;17700;KELP;2025;1;2023;29;;;2026;29;;;;;2025.5;75.12109375
-1;17700;RAINFOREST_RESIN;9996;2;9995;27;;;10004;2;10005;27;;;10000.0;340.0
-1;17800;RAINFOREST_RESIN;9996;2;9995;24;;;10002;5;10004;2;10005;24;9999.0;340.0
-1;17800;KELP;2023;26;;;;;2026;2;2027;24;;;2024.5;78.53515625
-1;17900;KELP;2023;23;;;;;2027;23;;;;;2025.0;79.3984375
-1;17900;RAINFOREST_RESIN;9995;23;;;;;10005;23;;;;;10000.0;340.0
-1;18000;RAINFOREST_RESIN;9996;2;9995;25;;;10004;2;10005;25;;;10000.0;340.0
-1;18000;KELP;2023;27;;;;;2026;27;;;;;2024.5;77.6875
-1;18100;KELP;2023;20;;;;;2027;20;;;;;2025.0;83.53125
-1;18100;RAINFOREST_RESIN;9995;20;;;;;10005;20;;;;;10000.0;340.0
-1;18200;RAINFOREST_RESIN;9996;1;9995;25;;;10004;1;10005;25;;;10000.0;340.0
-1;18200;KELP;2024;21;;;;;2027;26;;;;;2025.5;89.8359375
-1;18300;KELP;2023;25;;;;;2027;25;;;;;2025.0;85.33203125
-1;18300;RAINFOREST_RESIN;9996;2;9995;23;;;10004;2;10005;23;;;10000.0;340.0
-1;18400;RAINFOREST_RESIN;9996;2;9995;23;;;10004;2;10005;23;;;10000.0;340.0
-1;18400;KELP;2024;25;;;;;2026;5;2027;25;;;2025.0;93.5703125
-1;18500;KELP;2024;29;;;;;2025;1;2027;29;;;2024.5;92.71875
-1;18500;RAINFOREST_RESIN;9995;29;;;;;10000;2;10005;29;;;9997.5;340.0
-1;18600;RAINFOREST_RESIN;10002;1;9995;20;;;10005;20;;;;;10003.5;340.0
-1;18600;KELP;2024;20;;;;;2026;5;2027;20;;;2025.0;96.16796875
-1;18700;KELP;2024;22;;;;;2027;22;;;;;2025.5;96.9609375
-1;18700;RAINFOREST_RESIN;9995;22;;;;;10005;22;;;;;10000.0;342.0
-1;18800;RAINFOREST_RESIN;9996;2;9995;26;;;10004;2;10005;26;;;10000.0;342.0
-1;18800;KELP;2024;28;;;;;2027;28;;;;;2025.5;90.703125
-1;18900;KELP;2024;22;;;;;2027;22;;;;;2025.5;93.4609375
-1;18900;RAINFOREST_RESIN;9998;2;9995;22;;;10005;22;;;;;10001.5;342.0
-1;19000;RAINFOREST_RESIN;9996;2;9995;26;;;10004;2;10005;26;;;10000.0;342.0
-1;19000;KELP;2024;18;;;;;2027;28;;;;;2025.5;94.015625
-1;19100;KELP;2024;28;;;;;2027;28;;;;;2025.5;94.74609375
-1;19100;RAINFOREST_RESIN;9996;2;9995;26;;;10004;2;10005;26;;;10000.0;342.0
-1;19200;RAINFOREST_RESIN;9996;1;9995;20;;;9998;1;10004;1;10005;20;9997.0;342.0
-1;19200;KELP;2024;21;;;;;2027;21;;;;;2025.5;96.4609375
-1;19300;KELP;2024;23;;;;;2027;23;;;;;2025.5;96.85546875
-1;19300;RAINFOREST_RESIN;9996;2;9995;21;;;10004;2;10005;21;;;10000.0;344.0
-1;19400;RAINFOREST_RESIN;9995;26;;;;;10005;26;;;;;10000.0;344.0
-1;19400;KELP;2023;26;;;;;2027;26;;;;;2025.0;82.90234375
-1;19500;KELP;2024;23;;;;;2027;23;;;;;2025.5;91.171875
-1;19500;RAINFOREST_RESIN;9995;23;;;;;10005;23;;;;;10000.0;344.0
-1;19600;RAINFOREST_RESIN;9996;2;9995;27;;;10004;2;10005;27;;;10000.0;344.0
-1;19600;KELP;2024;2;2023;27;;;2027;29;;;;;2025.5;83.0546875
-1;19700;KELP;2024;31;;;;;2026;7;2027;32;;;2025.0;85.6484375
-1;19700;RAINFOREST_RESIN;10002;1;9996;2;9995;30;10004;2;10005;30;;;10003.0;344.0
-1;19800;RAINFOREST_RESIN;9996;2;9995;29;;;10004;2;10005;29;;;10000.0;346.0
-1;19800;KELP;2024;31;;;;;2027;31;;;;;2025.5;89.046875
-1;19900;KELP;2024;32;;;;;2027;32;;;;;2025.5;92.69140625
-1;19900;RAINFOREST_RESIN;9996;2;9995;30;;;10004;2;10005;30;;;10000.0;346.0
-1;20000;KELP;2024;2;2023;27;;;2027;27;;;;;2025.5;77.01953125
-1;20000;RAINFOREST_RESIN;9995;27;;;;;10002;4;10005;27;;;9998.5;346.0
-1;20100;RAINFOREST_RESIN;10002;1;9996;1;9995;30;10004;1;10005;30;;;10003.0;346.0
-1;20100;KELP;2023;31;;;;;2025;4;2027;31;;;2024.0;78.53125
-1;20200;RAINFOREST_RESIN;9995;29;;;;;9998;1;10005;29;;;9996.5;348.0
-1;20200;KELP;2023;29;;;;;2027;29;;;;;2025.0;74.92578125
-1;20300;KELP;2024;26;;;;;2027;27;;;;;2025.5;94.8203125
-1;20300;RAINFOREST_RESIN;9995;27;;;;;10005;27;;;;;10000.0;350.0
-1;20400;KELP;2024;30;;;;;2025;4;2027;29;;;2024.5;86.93359375
-1;20400;RAINFOREST_RESIN;9996;1;9995;28;;;10000;4;10004;1;10005;28;9998.0;350.0
-1;20500;RAINFOREST_RESIN;10000;3;9996;2;9995;30;10004;2;10005;30;;;10002.0;350.0
-1;20500;KELP;2025;4;2024;7;2023;30;2027;32;;;;;2026.0;82.5390625
-1;20600;RAINFOREST_RESIN;9996;2;9995;26;;;10004;2;10005;26;;;10000.0;350.0
-1;20600;KELP;2023;28;;;;;2027;28;;;;;2025.0;81.16796875
-1;20700;KELP;2025;6;2023;22;;;2027;22;;;;;2026.0;82.19921875
-1;20700;RAINFOREST_RESIN;10002;1;10000;6;9998;4;10005;22;;;;;10003.5;350.0
-1;20800;KELP;2024;2;2023;22;;;2027;24;;;;;2025.5;81.56640625
-1;20800;RAINFOREST_RESIN;9996;2;9995;22;;;10004;2;10005;22;;;10000.0;352.0
-1;20900;RAINFOREST_RESIN;9995;23;;;;;10005;23;;;;;10000.0;352.0
-1;20900;KELP;2026;1;2023;23;;;2027;23;;;;;2026.5;82.5546875
-1;21000;RAINFOREST_RESIN;9996;2;9995;26;;;10004;2;10005;26;;;10000.0;352.0
-1;21000;KELP;2024;28;;;;;2027;28;;;;;2025.5;84.35546875
-1;21100;KELP;2024;2;2023;22;;;2027;24;;;;;2025.5;82.48046875
-1;21100;RAINFOREST_RESIN;9996;2;9995;22;;;10004;2;10005;22;;;10000.0;352.0
-1;21200;KELP;2024;22;;;;;2027;22;;;;;2025.5;85.4921875
-1;21200;RAINFOREST_RESIN;9995;22;;;;;9998;1;10005;22;;;9996.5;352.0
-1;21300;RAINFOREST_RESIN;9996;1;9995;29;;;10002;7;10004;1;10005;29;9999.0;354.0
-1;21300;KELP;2024;1;2023;29;;;2027;30;;;;;2025.5;83.0546875
-1;21400;RAINFOREST_RESIN;9995;28;;;;;10005;28;;;;;10000.0;382.0
-1;21400;KELP;2024;28;;;;;2027;28;;;;;2025.5;85.23828125
-1;21500;KELP;2026;4;2024;21;;;2027;21;;;;;2026.5;93.62109375
-1;21500;RAINFOREST_RESIN;9996;1;9995;20;;;10004;1;10005;20;;;10000.0;382.0
-1;21600;KELP;2024;27;;;;;2027;2;2028;25;;;2025.5;96.953125
-1;21600;RAINFOREST_RESIN;10002;12;9996;2;9995;25;10004;2;10005;25;;;10003.0;382.0
-1;21700;RAINFOREST_RESIN;9998;8;9996;2;9995;29;10004;2;10005;29;;;10001.0;406.0
-1;21700;KELP;2024;31;;;;;2027;31;;;;;2025.5;95.4296875
-1;21800;RAINFOREST_RESIN;9996;2;9995;22;;;10004;2;10005;22;;;10000.0;406.0
-1;21800;KELP;2024;24;;;;;2028;24;;;;;2026.0;99.158203125
-1;21900;KELP;2024;22;;;;;2028;22;;;;;2026.0;99.53515625
-1;21900;RAINFOREST_RESIN;10002;3;9996;1;9995;21;10004;1;10005;21;;;10003.0;406.0
-1;22000;KELP;2024;21;;;;;2028;21;;;;;2026.0;98.34375
-1;22000;RAINFOREST_RESIN;9995;21;;;;;10005;21;;;;;10000.0;412.0
-1;22100;RAINFOREST_RESIN;9996;2;9995;22;;;10002;7;10004;2;10005;22;9999.0;412.0
-1;22100;KELP;2024;23;;;;;2027;24;;;;;2025.5;95.478515625
-1;22200;RAINFOREST_RESIN;9998;6;9996;1;9995;20;10004;1;10005;20;;;10001.0;412.0
-1;22200;KELP;2024;21;;;;;2027;21;;;;;2025.5;93.7109375
-1;22300;KELP;2023;29;;;;;2026;1;2027;28;;;2024.5;89.158203125
-1;22300;RAINFOREST_RESIN;9996;1;9995;28;;;10004;1;10005;28;;;10000.0;412.0
-1;22400;KELP;2023;29;;;;;2026;29;;;;;2024.5;88.767578125
-1;22400;RAINFOREST_RESIN;9996;2;9995;27;;;9998;1;10004;2;10005;27;9997.0;412.0
-1;22500;RAINFOREST_RESIN;9996;2;9995;29;;;10004;2;10005;29;;;10000.0;442.0
-1;22500;KELP;2023;31;;;;;2026;31;;;;;2024.5;86.7421875
-1;22600;RAINFOREST_RESIN;10000;6;9998;6;9996;2;10004;2;10005;20;;;10002.0;442.0
-1;22600;KELP;2024;6;2023;26;;;2026;22;;;;;2025.0;92.091796875
-1;22700;KELP;2023;25;;;;;2026;26;;;;;2024.5;89.6474609375
-1;22700;RAINFOREST_RESIN;9996;2;9995;24;;;10004;2;10005;24;;;10000.0;442.0
-1;22800;KELP;2023;27;;;;;2026;28;;;;;2024.5;91.2099609375
-1;22800;RAINFOREST_RESIN;9996;1;9995;27;;;9998;2;10004;1;10005;27;9997.0;442.0
-1;22900;RAINFOREST_RESIN;9996;2;9995;30;;;10002;8;10004;2;10005;30;9999.0;446.0
-1;22900;KELP;2023;2;2022;30;;;2026;32;;;;;2024.5;91.62109375
-1;23000;RAINFOREST_RESIN;9996;1;9995;21;;;10004;1;10005;21;;;10000.0;446.0
-1;23000;KELP;2022;22;;;;;2026;22;;;;;2024.0;92.7060546875
-1;23100;KELP;2023;23;;;;;2026;23;;;;;2024.5;90.578125
-1;23100;RAINFOREST_RESIN;9998;8;9995;23;;;10005;23;;;;;10001.5;446.0
-1;23200;KELP;2023;2;2022;29;;;2024;3;2026;31;;;2023.5;91.4931640625
-1;23200;RAINFOREST_RESIN;9998;5;9996;2;9995;29;10004;2;10005;29;;;10001.0;446.0
-1;23300;RAINFOREST_RESIN;9996;1;9995;29;;;10004;1;10005;29;;;10000.0;446.0
-1;23300;KELP;2023;30;;;;;2026;30;;;;;2024.5;91.197265625
-1;23400;RAINFOREST_RESIN;9996;1;9995;29;;;10004;1;10005;29;;;10000.0;446.0
-1;23400;KELP;2023;30;;;;;2026;30;;;;;2024.5;91.142578125
-1;23500;KELP;2023;29;;;;;2025;4;2026;30;;;2024.0;91.1875
-1;23500;RAINFOREST_RESIN;9998;8;9996;2;9995;28;10004;2;10005;28;;;10001.0;446.0
-1;23600;KELP;2022;27;;;;;2026;27;;;;;2024.0;92.0478515625
-1;23600;RAINFOREST_RESIN;9995;27;;;;;10005;27;;;;;10000.0;446.0
-1;23700;RAINFOREST_RESIN;10002;1;9996;2;9995;21;10004;2;10005;21;;;10003.0;446.0
-1;23700;KELP;2023;2;2022;21;;;2025;7;2026;23;;;2024.0;91.98828125
-1;23800;RAINFOREST_RESIN;9995;30;;;;;10005;30;;;;;10000.0;472.0
-1;23800;KELP;2024;1;2022;30;;;2026;30;;;;;2025.0;93.609375
-1;23900;KELP;2025;1;2023;1;2022;30;2026;30;;;;;2025.5;92.3642578125
-1;23900;RAINFOREST_RESIN;9995;30;;;;;10005;30;;;;;10000.0;472.0
-1;24000;KELP;2022;29;;;;;2026;29;;;;;2024.0;93.298828125
-1;24000;RAINFOREST_RESIN;9998;9;9995;29;;;10005;29;;;;;10001.5;472.0
-1;24100;RAINFOREST_RESIN;9996;1;9995;25;;;10004;1;10005;25;;;10000.0;472.0
-1;24100;KELP;2023;1;2022;25;;;2025;3;2026;26;;;2024.0;92.5341796875
-1;24200;RAINFOREST_RESIN;9996;2;9995;28;;;10002;6;10004;2;10005;28;9999.0;500.0
-1;24200;KELP;2023;30;;;;;2026;30;;;;;2024.5;91.4853515625
-1;24300;KELP;2023;26;;;;;2026;26;;;;;2024.5;91.3203125
-1;24300;RAINFOREST_RESIN;9996;2;9995;24;;;10002;1;10004;2;10005;24;9999.0;500.0
-1;24400;KELP;2025;1;2023;22;;;2026;22;;;;;2025.5;92.1923828125
-1;24400;RAINFOREST_RESIN;10002;1;9998;4;9996;1;10004;1;10005;21;;;10003.0;500.0
-1;24500;RAINFOREST_RESIN;10002;1;9996;1;9995;25;10004;1;10005;25;;;10003.0;502.0
-1;24500;KELP;2022;26;;;;;2026;26;;;;;2024.0;94.83203125
-1;24600;RAINFOREST_RESIN;9995;24;;;;;9998;2;10005;24;;;9996.5;508.0
-1;24600;KELP;2022;24;;;;;2024;2;2026;24;;;2023.0;95.908203125
-1;24700;KELP;2023;25;;;;;2026;25;;;;;2024.5;95.7333984375
-1;24700;RAINFOREST_RESIN;9995;25;;;;;10005;25;;;;;10000.0;512.0
-1;24800;KELP;2022;23;;;;;2026;23;;;;;2024.0;96.794921875
-1;24800;RAINFOREST_RESIN;9995;23;;;;;10005;23;;;;;10000.0;512.0
-1;24900;RAINFOREST_RESIN;10002;1;9996;1;9995;22;10004;1;10005;22;;;10003.0;512.0
-1;24900;KELP;2024;4;2022;23;;;2026;23;;;;;2025.0;96.55859375
-1;25000;RAINFOREST_RESIN;9995;23;;;;;10005;23;;;;;10000.0;514.0
-1;25000;KELP;2023;23;;;;;2026;23;;;;;2024.5;107.58544921875
-1;25100;KELP;2022;25;;;;;2024;4;2026;25;;;2023.0;107.299560546875
-1;25100;RAINFOREST_RESIN;10002;1;9995;25;;;10005;25;;;;;10003.5;514.0
-1;25200;KELP;2023;1;2022;24;;;2025;3;2026;25;;;2024.0;108.142578125
-1;25200;RAINFOREST_RESIN;9996;1;9995;24;;;9998;5;10004;1;10005;24;9997.0;516.0
-1;25300;RAINFOREST_RESIN;9996;2;9995;22;;;10004;2;10005;22;;;10000.0;526.0
-1;25300;KELP;2023;4;2022;22;;;2026;24;;;;;2024.5;108.134765625
-1;25400;RAINFOREST_RESIN;9996;1;9995;29;;;10004;1;10005;29;;;10000.0;526.0
-1;25400;KELP;2025;8;2023;30;;;2026;30;;;;;2025.5;108.5185546875
-1;25500;KELP;2022;21;;;;;2025;21;;;;;2023.5;115.625244140625
-1;25500;RAINFOREST_RESIN;9996;1;9995;20;;;9998;6;10002;9;10004;1;9997.0;526.0
-1;25600;KELP;2023;31;;;;;2026;23;;;;;2024.5;114.45947265625
-1;25600;RAINFOREST_RESIN;9996;1;9995;22;;;10002;7;10004;1;10005;22;9999.0;538.0
-1;25700;RAINFOREST_RESIN;9996;2;9995;30;;;10004;2;10005;30;;;10000.0;538.0
-1;25700;KELP;2023;32;;;;;2025;6;2026;32;;;2024.0;114.181884765625
-1;25800;RAINFOREST_RESIN;10002;4;9995;24;;;10005;24;;;;;10003.5;546.0
-1;25800;KELP;2023;23;;;;;2026;24;;;;;2024.5;113.843017578125
-1;25900;KELP;2023;25;;;;;2026;25;;;;;2024.5;114.29541015625
-1;25900;RAINFOREST_RESIN;9996;2;9995;23;;;10004;2;10005;23;;;10000.0;554.0
-1;26000;RAINFOREST_RESIN;9996;2;9995;27;;;10004;2;10005;27;;;10000.0;554.0
-1;26000;KELP;2023;22;;;;;2026;29;;;;;2024.5;114.560302734375
-1;26100;KELP;2023;20;;;;;2026;20;;;;;2024.5;114.25439453125
-1;26100;RAINFOREST_RESIN;9998;7;9995;20;;;10005;20;;;;;10001.5;554.0
-1;26200;RAINFOREST_RESIN;9996;1;9995;22;;;10004;1;10005;22;;;10000.0;554.0
-1;26200;KELP;2023;23;;;;;2026;23;;;;;2024.5;114.171630859375
-1;26300;KELP;2023;30;;;;;2026;30;;;;;2024.5;114.253173828125
-1;26300;RAINFOREST_RESIN;9996;1;9995;29;;;9998;1;10004;1;10005;29;9997.0;554.0
-1;26400;RAINFOREST_RESIN;9995;22;;;;;10005;22;;;;;10000.0;556.0
-1;26400;KELP;2023;27;;;;;2026;22;;;;;2024.5;114.41015625
-1;26500;KELP;2023;24;;;;;2026;24;;;;;2024.5;114.446533203125
-1;26500;RAINFOREST_RESIN;9996;1;9995;23;;;10004;1;10005;23;;;10000.0;556.0
-1;26600;RAINFOREST_RESIN;9996;2;9995;28;;;9998;1;10004;2;10005;28;9997.0;556.0
-1;26600;KELP;2023;36;;;;;2026;30;;;;;2024.5;114.2802734375
-1;26700;KELP;2023;24;;;;;2025;6;2026;24;;;2024.0;114.302001953125
-1;26700;RAINFOREST_RESIN;9998;2;9996;1;9995;23;10004;1;10005;23;;;10001.0;558.0
-1;26800;RAINFOREST_RESIN;9996;2;9995;28;;;10004;2;10005;28;;;10000.0;558.0
-1;26800;KELP;2025;1;2023;30;;;2026;30;;;;;2025.5;114.36376953125
-1;26900;KELP;2023;29;;;;;2026;30;;;;;2024.5;115.1025390625
-1;26900;RAINFOREST_RESIN;10002;1;9995;30;;;10005;30;;;;;10003.5;558.0
-1;27000;RAINFOREST_RESIN;9995;28;;;;;10002;1;10005;28;;;9998.5;560.0
-1;27000;KELP;2023;30;;;;;2026;28;;;;;2024.5;115.0693359375
-1;27100;KELP;2023;27;;;;;2026;24;;;;;2024.5;114.80078125
-1;27100;RAINFOREST_RESIN;9995;24;;;;;10005;24;;;;;10000.0;560.0
-1;27200;RAINFOREST_RESIN;9998;2;9995;21;;;10005;21;;;;;10001.5;560.0
-1;27200;KELP;2023;21;;;;;2025;2;2026;21;;;2024.0;114.923828125
-1;27300;KELP;2025;1;2023;31;;;2026;31;;;;;2025.5;114.8349609375
-1;27300;RAINFOREST_RESIN;9996;2;9995;29;;;10004;2;10005;29;;;10000.0;560.0
-1;27400;RAINFOREST_RESIN;9995;21;;;;;10005;21;;;;;10000.0;560.0
-1;27400;KELP;2023;21;;;;;2026;21;;;;;2024.5;114.458984375
-1;27500;KELP;2023;23;;;;;2025;6;2026;23;;;2024.0;114.291015625
-1;27500;RAINFOREST_RESIN;9996;1;9995;22;;;10004;1;10005;22;;;10000.0;560.0
-1;27600;RAINFOREST_RESIN;9998;5;9995;24;;;10005;24;;;;;10001.5;560.0
-1;27600;KELP;2023;30;;;;;2026;24;;;;;2024.5;114.76025390625
-1;27700;KELP;2023;19;;;;;2026;24;;;;;2024.5;114.5869140625
-1;27700;RAINFOREST_RESIN;9995;24;;;;;10005;24;;;;;10000.0;560.0
-1;27800;RAINFOREST_RESIN;9998;9;9996;2;9995;26;10004;2;10005;26;;;10001.0;560.0
-1;27800;KELP;2023;28;;;;;2025;3;2026;28;;;2024.0;114.11279296875
-1;27900;KELP;2025;1;2023;29;;;2026;29;;;;;2025.5;114.38916015625
-1;27900;RAINFOREST_RESIN;9996;2;9995;27;;;10002;4;10004;2;10005;27;9999.0;560.0
-1;28000;RAINFOREST_RESIN;9998;2;9995;28;;;10005;28;;;;;10001.5;560.0
-1;28000;KELP;2023;28;;;;;2026;28;;;;;2024.5;114.28515625
-1;28100;KELP;2023;26;;;;;2026;26;;;;;2024.5;114.705078125
-1;28100;RAINFOREST_RESIN;9996;2;9995;24;;;10004;2;10005;24;;;10000.0;560.0
-1;28200;RAINFOREST_RESIN;9996;1;9995;25;;;9998;2;10004;1;10005;25;9997.0;560.0
-1;28200;KELP;2023;26;;;;;2025;5;2026;1;2027;25;2024.0;113.6357421875
-1;28300;KELP;2023;24;;;;;2024;2;2027;24;;;2023.5;123.666015625
-1;28300;RAINFOREST_RESIN;9996;1;9995;23;;;10004;1;10005;23;;;10000.0;564.0
-1;28400;RAINFOREST_RESIN;9996;2;9995;23;;;10004;2;10005;23;;;10000.0;564.0
-1;28400;KELP;2023;24;;;;;2027;25;;;;;2025.0;125.8662109375
-1;28500;KELP;2023;23;;;;;2027;23;;;;;2025.0;124.98046875
-1;28500;RAINFOREST_RESIN;9998;10;9995;23;;;10005;23;;;;;10001.5;564.0
-1;28600;RAINFOREST_RESIN;10002;1;9996;2;9995;21;10004;2;10005;21;;;10003.0;564.0
-1;28600;KELP;2023;23;;;;;2025;8;2027;23;;;2024.0;124.9091796875
-1;28700;RAINFOREST_RESIN;9995;30;;;;;10005;30;;;;;10000.0;566.0
-1;28700;KELP;2023;30;;;;;2027;30;;;;;2025.0;125.0
-1;28800;RAINFOREST_RESIN;9995;27;;;;;10005;27;;;;;10000.0;566.0
-1;28800;KELP;2024;27;;;;;2027;27;;;;;2025.5;125.0
-1;28900;KELP;2024;26;;;;;2027;22;;;;;2025.5;125.0
-1;28900;RAINFOREST_RESIN;9998;7;9996;1;9995;21;10004;1;10005;21;;;10001.0;566.0
-1;29000;KELP;2024;23;;;;;2027;24;;;;;2025.5;125.0
-1;29000;RAINFOREST_RESIN;9995;24;;;;;10005;24;;;;;10000.0;566.0
-1;29100;RAINFOREST_RESIN;9996;2;9995;26;;;10004;2;10005;26;;;10000.0;598.0
-1;29100;KELP;2024;31;;;;;2027;28;;;;;2025.5;125.0
-1;29200;RAINFOREST_RESIN;9996;1;9995;30;;;10004;1;10005;30;;;10000.0;598.0
-1;29200;KELP;2026;1;2024;31;;;2027;31;;;;;2026.5;125.0
-1;29300;KELP;2024;32;;;;;2026;2;2027;32;;;2025.0;125.5740966796875
-1;29300;RAINFOREST_RESIN;9996;2;9995;30;;;10002;3;10004;2;10005;30;9999.0;598.0
-1;29400;KELP;2024;25;;;;;2027;26;;;;;2025.5;131.0625
-1;29400;RAINFOREST_RESIN;10002;1;9996;1;9995;25;10004;1;10005;25;;;10003.0;598.0
-1;29500;RAINFOREST_RESIN;9996;2;9995;27;;;10004;2;10005;27;;;10000.0;600.0
-1;29500;KELP;2024;31;;;;;2027;29;;;;;2025.5;130.86328125
-1;29600;RAINFOREST_RESIN;9996;2;9995;28;;;10004;2;10005;28;;;10000.0;600.0
-1;29600;KELP;2024;2;2023;28;;;2025;3;2027;30;;;2024.5;134.333984375
-1;29700;KELP;2024;28;;;;;2027;26;;;;;2025.5;130.2421875
-1;29700;RAINFOREST_RESIN;9996;1;9995;25;;;10002;4;10004;1;10005;25;9999.0;600.0
-1;29800;KELP;2024;31;;;;;2026;1;2027;1;2028;30;2025.0;129.5615234375
-1;29800;RAINFOREST_RESIN;9998;6;9996;1;9995;30;10004;1;10005;30;;;10001.0;600.0
-1;29900;RAINFOREST_RESIN;9995;21;;;;;10005;21;;;;;10000.0;600.0
-1;29900;KELP;2025;8;2024;21;;;2028;21;;;;;2026.5;128.939453125
-1;30000;RAINFOREST_RESIN;9998;3;9996;1;9995;30;10004;1;10005;30;;;10001.0;600.0
-1;30000;KELP;2024;31;;;;;2028;31;;;;;2026.0;128.2646484375
-1;30100;KELP;2024;30;;;;;2027;30;;;;;2025.5;130.1162109375
-1;30100;RAINFOREST_RESIN;9996;2;9995;28;;;10004;2;10005;28;;;10000.0;600.0
-1;30200;KELP;2024;22;;;;;2027;22;;;;;2025.5;129.5791015625
-1;30200;RAINFOREST_RESIN;9996;2;9995;20;;;10004;2;10005;20;;;10000.0;600.0
-1;30300;RAINFOREST_RESIN;9996;2;9995;29;;;10002;9;10004;2;10005;29;9999.0;600.0
-1;30300;KELP;2026;1;2024;31;;;2027;31;;;;;2026.5;134.08984375
-1;30400;RAINFOREST_RESIN;10000;5;9996;2;9995;29;10002;8;10004;2;10005;29;10001.0;600.0
-1;30400;KELP;2025;5;2024;31;;;2027;31;;;;;2026.0;137.15234375
-1;30500;KELP;2024;22;;;;;2027;22;;;;;2025.5;141.71875
-1;30500;RAINFOREST_RESIN;9998;5;9996;2;9995;20;10004;2;10005;20;;;10001.0;600.0
-1;30600;KELP;2024;1;2023;20;;;2027;22;;;;;2025.5;142.83984375
-1;30600;RAINFOREST_RESIN;9996;2;9995;20;;;10002;4;10004;2;10005;20;9999.0;600.0
-1;30700;RAINFOREST_RESIN;9995;30;;;;;10005;30;;;;;10000.0;600.0
-1;30700;KELP;2024;30;;;;;2027;30;;;;;2025.5;142.4765625
-1;30800;RAINFOREST_RESIN;9996;1;9995;30;;;10004;1;10005;30;;;10000.0;600.0
-1;30800;KELP;2024;4;2023;30;;;2027;31;;;;;2025.5;143.24609375
-1;30900;KELP;2023;30;;;;;2025;7;2026;30;;;2024.0;154.18359375
-1;30900;RAINFOREST_RESIN;9996;2;9995;28;;;10002;6;10004;2;10005;28;9999.0;600.0
-1;31000;KELP;2024;4;2023;30;;;2026;23;;;;;2025.0;152.796875
-1;31000;RAINFOREST_RESIN;10000;4;9996;1;9995;22;10004;1;10005;22;;;10002.0;600.0
-1;31100;RAINFOREST_RESIN;9996;2;9995;27;;;10004;2;10005;27;;;10000.0;600.0
-1;31100;KELP;2023;29;;;;;2026;2;2027;27;;;2024.5;147.66015625
-1;31200;RAINFOREST_RESIN;9996;2;9995;29;;;10002;6;10004;2;10005;29;9999.0;600.0
-1;31200;KELP;2023;31;;;;;2026;31;;;;;2024.5;148.40625
-1;31300;KELP;2023;24;;;;;2026;24;;;;;2024.5;149.046875
-1;31300;RAINFOREST_RESIN;9996;1;9995;23;;;10004;1;10005;23;;;10000.0;600.0
-1;31400;KELP;2023;26;;;;;2026;26;;;;;2024.5;160.66015625
-1;31400;RAINFOREST_RESIN;9995;26;;;;;9998;1;10005;26;;;9996.5;600.0
-1;31500;RAINFOREST_RESIN;9995;30;;;;;10005;30;;;;;10000.0;602.0
-1;31500;KELP;2023;35;;;;;2026;30;;;;;2024.5;160.052734375
-1;31600;RAINFOREST_RESIN;9995;27;;;;;10005;27;;;;;10000.0;602.0
-1;31600;KELP;2025;1;2023;27;;;2026;27;;;;;2025.5;159.1171875
-1;31700;KELP;2023;24;;;;;2025;3;2026;24;;;2024.0;159.189453125
-1;31700;RAINFOREST_RESIN;9996;2;9995;22;;;10004;2;10005;22;;;10000.0;602.0
-1;31800;KELP;2024;6;2023;26;;;2026;1;2027;25;;;2025.0;157.392578125
-1;31800;RAINFOREST_RESIN;10000;6;9996;1;9995;25;10004;1;10005;25;;;10002.0;602.0
-1;31900;RAINFOREST_RESIN;9998;3;9995;28;;;10005;28;;;;;10001.5;602.0
-1;31900;KELP;2024;4;2023;28;;;2027;28;;;;;2025.5;157.24609375
-1;32000;RAINFOREST_RESIN;9996;1;9995;24;;;10004;1;10005;24;;;10000.0;610.0
-1;32000;KELP;2024;2;2023;25;;;2026;1;2027;24;;;2025.0;157.888671875
-1;32100;KELP;2023;29;;;;;2026;29;;;;;2024.5;161.44140625
-1;32100;RAINFOREST_RESIN;9996;1;9995;28;;;10004;1;10005;28;;;10000.0;610.0
-1;32200;KELP;2023;28;;;;;2027;28;;;;;2025.0;156.58984375
-1;32200;RAINFOREST_RESIN;9996;1;9995;27;;;10004;1;10005;27;;;10000.0;610.0
-1;32300;RAINFOREST_RESIN;9995;25;;;;;10005;25;;;;;10000.0;610.0
-1;32300;KELP;2023;25;;;;;2026;25;;;;;2024.5;159.740234375
-1;32400;RAINFOREST_RESIN;9996;1;9995;30;;;10004;1;10005;30;;;10000.0;610.0
-1;32400;KELP;2023;30;;;;;2026;1;2027;30;;;2024.5;158.07421875
-1;32500;KELP;2023;21;;;;;2025;5;2027;22;;;2024.0;156.642578125
-1;32500;RAINFOREST_RESIN;9998;1;9996;1;9995;21;10004;1;10005;21;;;10001.0;610.0
-1;32600;KELP;2023;30;;;;;2027;30;;;;;2025.0;155.9765625
-1;32600;RAINFOREST_RESIN;10002;1;9995;30;;;10005;30;;;;;10003.5;610.0
-1;32700;RAINFOREST_RESIN;9996;2;9995;22;;;10004;2;10005;22;;;10000.0;620.0
-1;32700;KELP;2023;24;;;;;2026;2;2027;22;;;2024.5;158.939453125
-1;32800;RAINFOREST_RESIN;9996;2;9995;28;;;10004;2;10005;28;;;10000.0;620.0
-1;32800;KELP;2023;30;;;;;2026;2;2027;28;;;2024.5;159.119140625
-1;32900;KELP;2023;29;;;;;2026;2;2027;27;;;2024.5;159.68359375
-1;32900;RAINFOREST_RESIN;9996;2;9995;27;;;10004;2;10005;27;;;10000.0;648.0
-1;33000;KELP;2025;1;2023;30;;;2026;30;;;;;2025.5;160.56640625
-1;33000;RAINFOREST_RESIN;9996;2;9995;28;;;10004;2;10005;28;;;10000.0;648.0
-1;33100;RAINFOREST_RESIN;9996;1;9995;28;;;10004;1;10005;28;;;10000.0;648.0
-1;33100;KELP;2023;28;;;;;2025;3;2026;29;;;2024.0;160.783203125
-1;33200;RAINFOREST_RESIN;9996;1;9995;20;;;10002;7;10004;1;10005;20;9999.0;648.0
-1;33200;KELP;2023;20;;;;;2024;10;2026;1;2027;20;2023.5;159.15625
-1;33300;KELP;2024;1;2023;20;;;2027;21;;;;;2025.5;168.191650390625
-1;33300;RAINFOREST_RESIN;9996;1;9995;20;;;10004;1;10005;20;;;10000.0;648.0
-1;33400;KELP;2023;32;;;;;2027;32;;;;;2025.0;168.066650390625
-1;33400;RAINFOREST_RESIN;9996;2;9995;30;;;10002;3;10004;2;10005;30;9999.0;648.0
-1;33500;RAINFOREST_RESIN;9996;1;9995;20;;;10004;1;10005;20;;;10000.0;648.0
-1;33500;KELP;2023;21;;;;;2026;21;;;;;2024.5;167.61474609375
-1;33600;RAINFOREST_RESIN;10002;6;9995;27;;;10005;27;;;;;10003.5;648.0
-1;33600;KELP;2023;27;;;;;2026;27;;;;;2024.5;168.0
-1;33700;KELP;2023;32;;;;;2026;28;;;;;2024.5;168.0
-1;33700;RAINFOREST_RESIN;9996;1;9995;27;;;10002;1;10004;1;10005;27;9999.0;660.0
-1;33800;KELP;2024;3;2023;31;;;2026;26;;;;;2025.0;168.0
-1;33800;RAINFOREST_RESIN;9996;1;9995;25;;;10004;1;10005;25;;;10000.0;660.0
-1;33900;RAINFOREST_RESIN;9995;24;;;;;10005;24;;;;;10000.0;660.0
-1;33900;KELP;2023;24;;;;;2026;24;;;;;2024.5;166.66162109375
-1;34000;RAINFOREST_RESIN;10002;1;9995;30;;;10005;30;;;;;10003.5;660.0
-1;34000;KELP;2023;29;;;;;2025;8;2026;30;;;2024.0;166.51416015625
-1;34100;KELP;2023;25;;;;;2026;23;;;;;2024.5;166.9287109375
-1;34100;RAINFOREST_RESIN;9996;1;9995;22;;;10004;1;10005;22;;;10000.0;662.0
-1;34200;KELP;2022;23;;;;;2024;1;2026;23;;;2023.0;167.9658203125
-1;34200;RAINFOREST_RESIN;9995;23;;;;;10005;23;;;;;10000.0;670.0
-1;34300;RAINFOREST_RESIN;10002;1;9996;1;9995;22;10004;1;10005;22;;;10003.0;670.0
-1;34300;KELP;2022;23;;;;;2026;23;;;;;2024.0;176.29296875
-1;34400;RAINFOREST_RESIN;9996;2;9995;23;;;10004;2;10005;23;;;10000.0;672.0
-1;34400;KELP;2023;3;2022;25;;;2025;2;2026;23;;;2024.0;176.138671875
-1;34500;KELP;2022;30;;;;;2023;5;2024;1;2026;30;2022.5;176.1943359375
-1;34500;RAINFOREST_RESIN;9995;30;;;;;10005;30;;;;;10000.0;672.0
-1;34600;KELP;2022;29;;;;;2023;1;2026;29;;;2022.5;183.01953125
-1;34600;RAINFOREST_RESIN;9995;29;;;;;10005;29;;;;;10000.0;672.0
-1;34700;RAINFOREST_RESIN;9998;6;9995;24;;;10005;24;;;;;10001.5;672.0
-1;34700;KELP;2023;24;;;;;2026;24;;;;;2024.5;186.123046875
-1;34800;RAINFOREST_RESIN;9996;2;9995;23;;;10004;2;10005;23;;;10000.0;672.0
-1;34800;KELP;2023;2;2022;23;;;2026;25;;;;;2024.5;184.7421875
-1;34900;KELP;2023;21;;;;;2026;21;;;;;2024.5;186.451171875
-1;34900;RAINFOREST_RESIN;9996;1;9995;20;;;10004;1;10005;20;;;10000.0;672.0
-1;35000;RAINFOREST_RESIN;10002;1;9995;20;;;10005;20;;;;;10003.5;672.0
-1;35000;KELP;2025;1;2023;20;;;2026;20;;;;;2025.5;193.98828125
-1;35100;KELP;2023;31;;;;;2026;31;;;;;2024.5;190.3671875
-1;35100;RAINFOREST_RESIN;10002;3;9996;2;9995;29;10004;2;10005;29;;;10003.0;674.0
-1;35200;RAINFOREST_RESIN;9996;2;9995;28;;;10002;10;10004;2;10005;28;9999.0;680.0
-1;35200;KELP;2023;33;;;;;2026;30;;;;;2024.5;192.576171875
-1;35300;KELP;2023;20;;;;;2026;28;;;;;2024.5;188.2265625
-1;35300;RAINFOREST_RESIN;9998;6;9996;1;9995;27;10004;1;10005;27;;;10001.0;680.0
-1;35400;RAINFOREST_RESIN;10002;3;9995;25;;;10005;25;;;;;10003.5;680.0
-1;35400;KELP;2025;1;2023;27;;;2026;25;;;;;2025.5;187.6875
-1;35500;KELP;2023;28;;;;;2026;28;;;;;2024.5;188.8828125
-1;35500;RAINFOREST_RESIN;9996;2;9995;26;;;10004;2;10005;26;;;10000.0;686.0
-1;35600;RAINFOREST_RESIN;9995;26;;;;;10005;26;;;;;10000.0;686.0
-1;35600;KELP;2023;26;;;;;2026;26;;;;;2024.5;188.015625
-1;35700;KELP;2023;29;;;;;2026;29;;;;;2024.5;189.2421875
-1;35700;RAINFOREST_RESIN;9996;2;9995;27;;;10004;2;10005;27;;;10000.0;686.0
-1;35800;RAINFOREST_RESIN;9998;7;9996;1;9995;30;10004;1;10005;30;;;10001.0;686.0
-1;35800;KELP;2023;29;;;;;2026;31;;;;;2024.5;188.9921875
-1;35900;KELP;2023;2;2022;21;;;2026;23;;;;;2024.5;186.6484375
-1;35900;RAINFOREST_RESIN;9996;2;9995;21;;;10004;2;10005;21;;;10000.0;686.0
-1;36000;RAINFOREST_RESIN;9995;30;;;;;10002;5;10005;30;;;9998.5;686.0
-1;36000;KELP;2022;30;;;;;2024;3;2026;30;;;2023.0;186.69921875
-1;36100;KELP;2022;26;;;;;2025;2;2026;24;;;2023.5;182.951171875
-1;36100;RAINFOREST_RESIN;10002;8;9996;2;9995;24;10004;2;10005;24;;;10003.0;686.0
-1;36200;RAINFOREST_RESIN;9996;1;9995;29;;;9998;1;10004;1;10005;29;9997.0;702.0
-1;36200;KELP;2022;30;;;;;2025;1;2026;29;;;2023.5;183.08203125
-1;36300;KELP;2022;22;;;;;2024;6;2025;22;;;2023.0;181.666015625
-1;36300;RAINFOREST_RESIN;9996;1;9995;21;;;10004;1;10005;21;;;10000.0;704.0
-1;36400;RAINFOREST_RESIN;9998;1;9996;1;9995;20;10004;1;10005;20;;;10001.0;704.0
-1;36400;KELP;2024;1;2023;3;2022;21;2025;1;2026;20;;;2024.5;181.1796875
-1;36500;KELP;2022;25;;;;;2023;2;2025;25;;;2022.5;177.90234375
-1;36500;RAINFOREST_RESIN;9995;25;;;;;10005;25;;;;;10000.0;704.0
-1;36600;RAINFOREST_RESIN;9996;1;9995;28;;;10004;1;10005;28;;;10000.0;704.0
-1;36600;KELP;2022;29;;;;;2025;29;;;;;2023.5;181.58984375
-1;36700;KELP;2021;21;;;;;2025;21;;;;;2023.0;162.17578125
-1;36700;RAINFOREST_RESIN;9995;21;;;;;10005;21;;;;;10000.0;704.0
-1;36800;RAINFOREST_RESIN;9995;30;;;;;10005;30;;;;;10000.0;704.0
-1;36800;KELP;2021;30;;;;;2025;30;;;;;2023.0;163.8515625
-1;36900;KELP;2021;27;;;;;2024;27;;;;;2022.5;150.0
-1;36900;RAINFOREST_RESIN;9996;1;9995;26;;;10004;1;10005;26;;;10000.0;704.0
-1;37000;RAINFOREST_RESIN;9996;2;9995;23;;;10004;2;10005;23;;;10000.0;704.0
-1;37000;KELP;2020;25;;;;;2024;25;;;;;2022.0;141.62890625
-1;37100;KELP;2021;27;;;;;2024;23;;;;;2022.5;155.63671875
-1;37100;RAINFOREST_RESIN;9996;2;9995;21;;;10004;2;10005;21;;;10000.0;704.0
-1;37200;RAINFOREST_RESIN;9996;1;9995;20;;;10004;1;10005;20;;;10000.0;704.0
-1;37200;KELP;2021;25;;;;;2024;21;;;;;2022.5;154.28515625
-1;37300;KELP;2022;4;2021;28;;;2024;1;2025;27;;;2023.0;160.85546875
-1;37300;RAINFOREST_RESIN;9996;1;9995;27;;;9998;10;10002;4;10004;1;9997.0;704.0
-1;37400;RAINFOREST_RESIN;10002;1;9998;2;9995;30;10005;30;;;;;10003.5;724.0
-1;37400;KELP;2021;30;;;;;2024;30;;;;;2022.5;158.671875
-1;37500;KELP;2020;27;;;;;2024;27;;;;;2022.0;143.01171875
-1;37500;RAINFOREST_RESIN;9996;2;9995;25;;;10004;2;10005;25;;;10000.0;726.0
-1;37600;KELP;2020;22;;;;;2024;22;;;;;2022.0;140.72265625
-1;37600;RAINFOREST_RESIN;9995;22;;;;;10002;7;10005;22;;;9998.5;726.0
-1;37700;RAINFOREST_RESIN;9996;1;9995;23;;;10004;1;10005;23;;;10000.0;726.0
-1;37700;KELP;2020;24;;;;;2024;24;;;;;2022.0;141.66796875
-1;37800;RAINFOREST_RESIN;9995;25;;;;;10005;25;;;;;10000.0;726.0
-1;37800;KELP;2020;24;;;;;2024;25;;;;;2022.0;139.40234375
-1;37900;KELP;2019;25;;;;;2023;25;;;;;2021.0;120.89453125
-1;37900;RAINFOREST_RESIN;9995;25;;;;;10005;25;;;;;10000.0;726.0
-1;38000;KELP;2019;32;;;;;2021;4;2023;32;;;2020.0;120.6953125
-1;38000;RAINFOREST_RESIN;10002;1;9996;2;9995;30;10004;2;10005;30;;;10003.0;726.0
-1;38100;RAINFOREST_RESIN;9996;2;9995;26;;;10002;2;10004;2;10005;26;9999.0;728.0
-1;38100;KELP;2019;28;;;;;2022;2;2023;26;;;2020.5;116.7265625
-1;38200;RAINFOREST_RESIN;9996;1;9995;27;;;10004;1;10005;27;;;10000.0;728.0
-1;38200;KELP;2019;28;;;;;2023;28;;;;;2021.0;123.66796875
-1;38300;KELP;2019;26;;;;;2022;26;;;;;2020.5;113.953125
-1;38300;RAINFOREST_RESIN;9998;5;9995;26;;;10005;26;;;;;10001.5;728.0
-1;38400;KELP;2019;24;;;;;2020;6;2022;24;;;2019.5;112.79296875
-1;38400;RAINFOREST_RESIN;9996;1;9995;23;;;10000;6;10004;1;10005;23;9998.0;728.0
-1;38500;RAINFOREST_RESIN;10002;1;9995;21;;;10005;21;;;;;10003.5;728.0
-1;38500;KELP;2019;21;;;;;2022;21;;;;;2020.5;109.06640625
-1;38600;RAINFOREST_RESIN;9996;2;9995;28;;;10004;2;10005;28;;;10000.0;730.0
-1;38600;KELP;2019;30;;;;;2022;30;;;;;2020.5;110.4921875
-1;38700;KELP;2019;20;;;;;2022;20;;;;;2020.5;111.671875
-1;38700;RAINFOREST_RESIN;9995;20;;;;;10005;20;;;;;10000.0;730.0
-1;38800;KELP;2019;21;;;;;2020;2;2021;1;2022;21;2019.5;111.734375
-1;38800;RAINFOREST_RESIN;9996;1;9995;20;;;10002;1;10004;1;10005;20;9999.0;730.0
-1;38900;RAINFOREST_RESIN;9996;2;9995;30;;;10004;2;10005;30;;;10000.0;758.0
-1;38900;KELP;2019;32;;;;;2021;7;2022;2;2023;30;2020.0;115.55078125
-1;39000;RAINFOREST_RESIN;9995;23;;;;;10002;9;10005;23;;;9998.5;758.0
-1;39000;KELP;2019;23;;;;;2023;23;;;;;2021.0;120.88671875
-1;39100;KELP;2020;25;;;;;2023;25;;;;;2021.5;133.23828125
-1;39100;RAINFOREST_RESIN;9998;8;9996;1;9995;24;10004;1;10005;24;;;10001.0;758.0
-1;39200;KELP;2020;30;;;;;2022;2;2023;30;;;2021.0;136.07421875
-1;39200;RAINFOREST_RESIN;9996;1;9995;29;;;10004;1;10005;29;;;10000.0;758.0
-1;39300;RAINFOREST_RESIN;9995;27;;;;;10005;27;;;;;10000.0;758.0
-1;39300;KELP;2020;27;;;;;2023;27;;;;;2021.5;140.12109375
-1;39400;RAINFOREST_RESIN;9996;1;9995;30;;;10004;1;10005;30;;;10000.0;758.0
-1;39400;KELP;2020;31;;;;;2022;5;2023;31;;;2021.0;130.75
-1;39500;KELP;2019;27;;;;;2021;3;2022;27;;;2020.0;109.0703125
-1;39500;RAINFOREST_RESIN;9995;27;;;;;9998;1;10002;2;10005;27;9996.5;758.0
-1;39600;KELP;2021;4;2019;23;;;2023;23;;;;;2022.0;118.05859375
-1;39600;RAINFOREST_RESIN;9995;23;;;;;10005;23;;;;;10000.0;760.0
-1;39700;RAINFOREST_RESIN;9996;2;9995;22;;;10004;2;10005;22;;;10000.0;760.0
-1;39700;KELP;2019;28;;;;;2022;2;2023;22;;;2020.5;116.49609375
-1;39800;RAINFOREST_RESIN;9996;1;9995;27;;;10004;1;10005;27;;;10000.0;760.0
-1;39800;KELP;2019;28;;;;;2022;1;2023;27;;;2020.5;116.3515625
-1;39900;KELP;2019;31;;;;;2022;31;;;;;2020.5;110.07421875
-1;39900;RAINFOREST_RESIN;9996;1;9995;30;;;10002;4;10004;1;10005;30;9999.0;760.0
-1;40000;KELP;2018;22;;;;;2022;22;;;;;2020.0;102.30859375
-1;40000;RAINFOREST_RESIN;9995;22;;;;;10005;22;;;;;10000.0;760.0
-1;40100;RAINFOREST_RESIN;9996;2;9995;29;;;10002;8;10004;2;10005;29;9999.0;760.0
-1;40100;KELP;2019;31;;;;;2022;31;;;;;2020.5;109.734375
-1;40200;RAINFOREST_RESIN;9996;1;9995;28;;;10004;1;10005;28;;;10000.0;760.0
-1;40200;KELP;2019;1;2018;28;;;2022;29;;;;;2020.5;101.91015625
-1;40300;KELP;2019;22;;;;;2022;22;;;;;2020.5;105.09375
-1;40300;RAINFOREST_RESIN;9995;22;;;;;9998;1;10005;22;;;9996.5;760.0
-1;40400;KELP;2018;24;;;;;2022;24;;;;;2020.0;99.39453125
-1;40400;RAINFOREST_RESIN;9996;1;9995;23;;;10004;1;10005;23;;;10000.0;762.0
-1;40500;RAINFOREST_RESIN;10002;1;9996;2;9995;27;10004;2;10005;27;;;10003.0;762.0
-1;40500;KELP;2019;1;2018;27;;;2022;29;;;;;2020.5;101.05859375
-1;40600;RAINFOREST_RESIN;9996;2;9995;24;;;10004;2;10005;24;;;10000.0;764.0
-1;40600;KELP;2019;4;2018;26;;;2022;26;;;;;2020.5;97.94140625
-1;40700;KELP;2018;22;;;;;2021;22;;;;;2019.5;84.98828125
-1;40700;RAINFOREST_RESIN;9998;7;9996;2;9995;20;10004;2;10005;20;;;10001.0;764.0
-1;40800;KELP;2018;27;;;;;2021;27;;;;;2019.5;90.3359375
-1;40800;RAINFOREST_RESIN;9995;27;;;;;10005;27;;;;;10000.0;764.0
-1;40900;RAINFOREST_RESIN;9998;10;9996;2;9995;26;10004;2;10005;26;;;10001.0;764.0
-1;40900;KELP;2017;28;;;;;2021;28;;;;;2019.0;76.7265625
-1;41000;RAINFOREST_RESIN;9995;21;;;;;10002;10;10005;21;;;9998.5;800.0
-1;41000;KELP;2018;20;;;;;2020;3;2021;21;;;2019.0;90.3125
-1;41100;KELP;2018;24;;;;;2021;27;;;;;2019.5;87.8125
-1;41100;RAINFOREST_RESIN;9995;27;;;;;10005;27;;;;;10000.0;800.0
-1;41200;KELP;2018;29;;;;;2021;29;;;;;2019.5;87.41796875
-1;41200;RAINFOREST_RESIN;9995;29;;;;;10005;29;;;;;10000.0;800.0
-1;41300;RAINFOREST_RESIN;9998;2;9996;1;9995;24;10004;1;10005;24;;;10001.0;800.0
-1;41300;KELP;2017;25;;;;;2019;4;2021;25;;;2018.0;73.140625
-1;41400;RAINFOREST_RESIN;9998;5;9996;2;9995;23;10000;4;10004;2;10005;23;9999.0;800.0
-1;41400;KELP;2017;25;;;;;2018;4;2019;5;2020;25;2017.5;54.30078125
-1;41500;KELP;2017;22;;;;;2019;1;2021;22;;;2018.0;70.9921875
-1;41500;RAINFOREST_RESIN;9998;8;9996;2;9995;20;10004;2;10005;20;;;10001.0;800.0
-1;41600;KELP;2017;23;;;;;2019;7;2020;1;2021;22;2018.0;69.0859375
-1;41600;RAINFOREST_RESIN;9996;1;9995;22;;;10004;1;10005;22;;;10000.0;800.0
-1;41700;RAINFOREST_RESIN;10000;5;9995;21;;;10005;21;;;;;10002.5;800.0
-1;41700;KELP;2019;4;2017;21;;;2021;21;;;;;2020.0;74.1015625
-1;41800;RAINFOREST_RESIN;9996;2;9995;22;;;10004;2;10005;22;;;10000.0;800.0
-1;41800;KELP;2018;24;;;;;2021;24;;;;;2019.5;83.546875
-1;41900;KELP;2018;22;;;;;2020;1;2021;22;;;2019.0;84.703125
-1;41900;RAINFOREST_RESIN;9996;1;9995;21;;;9998;4;10004;1;10005;21;9997.0;800.0
-1;42000;KELP;2018;31;;;;;2020;5;2021;32;;;2019.0;88.61328125
-1;42000;RAINFOREST_RESIN;9996;2;9995;30;;;10004;2;10005;30;;;10000.0;808.0
-1;42100;RAINFOREST_RESIN;9998;8;9996;2;9995;21;10004;2;10005;21;;;10001.0;808.0
-1;42100;KELP;2018;23;;;;;2021;2;2022;21;;;2019.5;92.6015625
-1;42200;RAINFOREST_RESIN;10002;1;9995;28;;;10005;28;;;;;10003.5;808.0
-1;42200;KELP;2018;28;;;;;2022;28;;;;;2020.0;93.46875
-1;42300;KELP;2018;20;;;;;2019;7;2020;2;2022;20;2018.5;94.41796875
-1;42300;RAINFOREST_RESIN;9995;20;;;;;10005;20;;;;;10000.0;810.0
-1;42400;KELP;2019;30;;;;;2022;31;;;;;2020.5;110.56640625
-1;42400;RAINFOREST_RESIN;9996;2;9995;29;;;10004;2;10005;29;;;10000.0;810.0
-1;42500;RAINFOREST_RESIN;9995;24;;;;;10002;3;10005;24;;;9998.5;810.0
-1;42500;KELP;2019;24;;;;;2022;24;;;;;2020.5;109.796875
-1;42600;RAINFOREST_RESIN;9995;26;;;;;10005;26;;;;;10000.0;810.0
-1;42600;KELP;2019;26;;;;;2022;26;;;;;2020.5;112.5625
-1;42700;KELP;2018;26;;;;;2022;26;;;;;2020.0;103.44921875
-1;42700;RAINFOREST_RESIN;9995;26;;;;;10005;26;;;;;10000.0;818.0
-1;42800;KELP;2019;30;;;;;2022;30;;;;;2020.5;110.265625
-1;42800;RAINFOREST_RESIN;9995;30;;;;;10005;30;;;;;10000.0;818.0
-1;42900;RAINFOREST_RESIN;9995;25;;;;;10005;25;;;;;10000.0;818.0
-1;42900;KELP;2019;25;;;;;2022;25;;;;;2020.5;116.71875
-1;43000;RAINFOREST_RESIN;9995;23;;;;;10005;23;;;;;10000.0;826.0
-1;43000;KELP;2020;2;2019;23;;;2023;23;;;;;2021.5;130.3984375
-1;43100;KELP;2020;21;;;;;2023;21;;;;;2021.5;139.703125
-1;43100;RAINFOREST_RESIN;9995;21;;;;;10005;21;;;;;10000.0;826.0
-1;43200;KELP;2019;21;;;;;2023;21;;;;;2021.0;133.2109375
-1;43200;RAINFOREST_RESIN;9996;1;9995;20;;;10004;1;10005;20;;;10000.0;826.0
-1;43300;RAINFOREST_RESIN;9996;1;9995;24;;;10004;1;10005;24;;;10000.0;826.0
-1;43300;KELP;2019;25;;;;;2021;2;2023;25;;;2020.0;133.0625
-1;43400;RAINFOREST_RESIN;9996;2;9995;22;;;10004;2;10005;22;;;10000.0;826.0
-1;43400;KELP;2021;4;2020;24;;;2023;24;;;;;2022.0;136.765625
-1;43500;KELP;2020;22;;;;;2022;7;2023;23;;;2021.0;138.62109375
-1;43500;RAINFOREST_RESIN;9998;7;9995;23;;;10005;23;;;;;10001.5;826.0
-1;43600;KELP;2020;5;2019;21;;;2023;23;;;;;2021.5;135.33984375
-1;43600;RAINFOREST_RESIN;9996;2;9995;21;;;10002;9;10004;2;10005;21;9999.0;826.0
-1;43700;KELP;2020;24;;;;;2023;24;;;;;2021.5;137.74609375
-1;43700;RAINFOREST_RESIN;9996;1;9995;23;;;10004;1;10005;23;;;10000.0;826.0
-1;43800;RAINFOREST_RESIN;9996;2;9995;26;;;10004;2;10005;26;;;10000.0;826.0
-1;43800;KELP;2020;35;;;;;2023;28;;;;;2021.5;141.6875
-1;43900;KELP;2020;36;;;;;2023;30;;;;;2021.5;136.92578125
-1;43900;RAINFOREST_RESIN;10002;4;9998;2;9996;1;10004;1;10005;29;;;10003.0;826.0
-1;44000;RAINFOREST_RESIN;9996;2;9995;20;;;10004;2;10005;20;;;10000.0;834.0
-1;44000;KELP;2020;22;;;;;2022;3;2023;22;;;2021.0;142.05078125
-1;44100;KELP;2019;24;;;;;2023;24;;;;;2021.0;129.28125
-1;44100;RAINFOREST_RESIN;9995;24;;;;;9998;1;10002;2;10005;24;9996.5;834.0
-1;44200;RAINFOREST_RESIN;9995;21;;;;;10005;21;;;;;10000.0;836.0
-1;44200;KELP;2019;21;;;;;2023;21;;;;;2021.0;128.03125
-1;44300;KELP;2019;27;;;;;2023;27;;;;;2021.0;129.82421875
-1;44300;RAINFOREST_RESIN;9995;27;;;;;10005;27;;;;;10000.0;836.0
-1;44400;RAINFOREST_RESIN;9998;7;9995;28;;;10005;28;;;;;10001.5;836.0
-1;44400;KELP;2018;28;;;;;2022;28;;;;;2020.0;108.515625
-1;44500;KELP;2021;1;2019;2;2018;21;2022;21;;;;;2021.5;109.62109375
-1;44500;RAINFOREST_RESIN;9995;21;;;;;10005;21;;;;;10000.0;836.0
-1;44600;RAINFOREST_RESIN;9996;1;9995;23;;;10004;1;10005;23;;;10000.0;836.0
-1;44600;KELP;2019;24;;;;;2022;24;;;;;2020.5;114.95703125
-1;44700;KELP;2019;29;;;;;2022;29;;;;;2020.5;113.79296875
-1;44700;RAINFOREST_RESIN;9995;29;;;;;10002;10;10005;29;;;9998.5;836.0
-1;44800;RAINFOREST_RESIN;9995;29;;;;;9998;1;10002;10;10005;29;9996.5;836.0
-1;44800;KELP;2018;29;;;;;2022;29;;;;;2020.0;108.76953125
-1;44900;KELP;2019;1;2018;26;;;2022;26;;;;;2020.5;106.93359375
-1;44900;RAINFOREST_RESIN;9996;1;9995;25;;;10004;1;10005;25;;;10000.0;838.0
-1;45000;RAINFOREST_RESIN;10002;1;9996;2;9995;24;10004;2;10005;24;;;10003.0;838.0
-1;45000;KELP;2018;26;;;;;2022;26;;;;;2020.0;107.42578125
-1;45100;KELP;2019;27;;;;;2021;5;2022;27;;;2020.0;112.85546875
-1;45100;RAINFOREST_RESIN;9996;1;9995;26;;;10004;1;10005;26;;;10000.0;840.0
-1;45200;RAINFOREST_RESIN;9996;1;9995;28;;;10004;1;10005;28;;;10000.0;840.0
-1;45200;KELP;2019;29;;;;;2021;6;2022;29;;;2020.0;111.73046875
-1;45300;KELP;2018;26;;;;;2021;22;;;;;2019.5;99.18359375
-1;45300;RAINFOREST_RESIN;9995;22;;;;;10005;22;;;;;10000.0;840.0
-1;45400;RAINFOREST_RESIN;9996;2;9995;21;;;9998;1;10004;2;10005;21;9997.0;840.0
-1;45400;KELP;2018;22;;;;;2020;2;2021;23;;;2019.0;91.65625
-1;45500;KELP;2018;25;;;;;2019;3;2021;25;;;2018.5;92.84765625
-1;45500;RAINFOREST_RESIN;9996;1;9995;24;;;10000;3;10004;1;10005;24;9998.0;842.0
-1;45600;RAINFOREST_RESIN;9995;26;;;;;10002;5;10005;26;;;9998.5;842.0
-1;45600;KELP;2018;33;;;;;2021;26;;;;;2019.5;97.33984375
-1;45700;KELP;2018;24;;;;;2021;24;;;;;2019.5;97.7421875
-1;45700;RAINFOREST_RESIN;9995;24;;;;;10005;24;;;;;10000.0;842.0
-1;45800;RAINFOREST_RESIN;9996;1;9995;27;;;10004;1;10005;27;;;10000.0;842.0
-1;45800;KELP;2018;27;;;;;2021;28;;;;;2019.5;99.6640625
-1;45900;KELP;2019;4;2018;31;;;2022;31;;;;;2020.5;107.91015625
-1;45900;RAINFOREST_RESIN;9996;1;9995;30;;;10004;1;10005;30;;;10000.0;842.0
-1;46000;RAINFOREST_RESIN;9996;2;9995;24;;;10004;2;10005;24;;;10000.0;846.0
-1;46000;KELP;2019;2;2018;24;;;2022;26;;;;;2020.5;116.62890625
-1;46100;KELP;2019;25;;;;;2022;25;;;;;2020.5;118.9609375
-1;46100;RAINFOREST_RESIN;9998;6;9996;2;9995;23;10004;2;10005;23;;;10001.0;846.0
-1;46200;RAINFOREST_RESIN;9998;2;9996;1;9995;27;10004;1;10005;27;;;10001.0;846.0
-1;46200;KELP;2018;28;;;;;2021;1;2022;27;;;2019.5;107.06640625
-1;46300;KELP;2018;29;;;;;2021;29;;;;;2019.5;100.30078125
-1;46300;RAINFOREST_RESIN;9996;2;9995;27;;;10004;2;10005;27;;;10000.0;846.0
-1;46400;RAINFOREST_RESIN;9995;22;;;;;10005;22;;;;;10000.0;846.0
-1;46400;KELP;2018;22;;;;;2022;22;;;;;2020.0;106.37890625
-1;46500;KELP;2019;6;2018;31;;;2021;31;;;;;2020.0;104.78125
-1;46500;RAINFOREST_RESIN;10000;6;9996;1;9995;30;10004;1;10005;30;;;10002.0;846.0
-1;46600;KELP;2019;3;2018;28;;;2021;1;2022;27;;;2020.0;107.27734375
-1;46600;RAINFOREST_RESIN;9998;10;9996;1;9995;27;10004;1;10005;27;;;10001.0;846.0
-1;46700;RAINFOREST_RESIN;9995;26;;;;;10005;26;;;;;10000.0;846.0
-1;46700;KELP;2019;26;;;;;2022;26;;;;;2020.5;117.89453125
-1;46800;RAINFOREST_RESIN;9996;1;9995;21;;;10004;1;10005;21;;;10000.0;846.0
-1;46800;KELP;2019;22;;;;;2022;22;;;;;2020.5;124.83984375
-1;46900;KELP;2021;1;2019;32;;;2022;32;;;;;2021.5;118.62890625
-1;46900;RAINFOREST_RESIN;9996;2;9995;30;;;10004;2;10005;30;;;10000.0;846.0
-1;47000;KELP;2019;21;;;;;2022;21;;;;;2020.5;121.35546875
-1;47000;RAINFOREST_RESIN;9996;1;9995;20;;;10004;1;10005;20;;;10000.0;846.0
-1;47100;RAINFOREST_RESIN;9996;2;9995;24;;;9998;1;10004;2;10005;24;9997.0;846.0
-1;47100;KELP;2019;22;;;;;2022;26;;;;;2020.5;119.3828125
-1;47200;RAINFOREST_RESIN;10002;1;9996;2;9995;28;10004;2;10005;28;;;10003.0;848.0
-1;47200;KELP;2019;30;;;;;2022;30;;;;;2020.5;120.1328125
-1;47300;KELP;2019;25;;;;;2021;1;2022;25;;;2020.0;122.28125
-1;47300;RAINFOREST_RESIN;10002;1;9998;3;9995;25;10005;25;;;;;10003.5;850.0
-1;47400;KELP;2019;25;;;;;2022;24;;;;;2020.5;127.5546875
-1;47400;RAINFOREST_RESIN;9995;24;;;;;10002;9;10005;24;;;9998.5;852.0
-1;47500;RAINFOREST_RESIN;9995;30;;;;;10002;1;10005;30;;;9998.5;852.0
-1;47500;KELP;2019;30;;;;;2021;6;2022;30;;;2020.0;126.94921875
-1;47600;RAINFOREST_RESIN;9996;1;9995;27;;;10004;1;10005;27;;;10000.0;852.0
-1;47600;KELP;2019;28;;;;;2022;28;;;;;2020.5;131.62109375
-1;47700;KELP;2019;23;;;;;2022;23;;;;;2020.5;132.69921875
-1;47700;RAINFOREST_RESIN;9996;1;9995;22;;;10002;8;10004;1;10005;22;9999.0;852.0
-1;47800;KELP;2019;23;;;;;2022;1;2023;22;;;2020.5;134.08984375
-1;47800;RAINFOREST_RESIN;9996;1;9995;22;;;10002;8;10004;1;10005;22;9999.0;852.0
-1;47900;RAINFOREST_RESIN;10002;1;9995;27;;;10005;27;;;;;10003.5;852.0
-1;47900;KELP;2019;27;;;;;2023;27;;;;;2021.0;134.5546875
-1;48000;RAINFOREST_RESIN;9995;27;;;;;10005;27;;;;;10000.0;854.0
-1;48000;KELP;2019;27;;;;;2023;27;;;;;2021.0;134.04296875
-1;48100;KELP;2019;22;;;;;2022;21;;;;;2020.5;129.17578125
-1;48100;RAINFOREST_RESIN;9995;21;;;;;10002;9;10005;21;;;9998.5;854.0
-1;48200;KELP;2019;25;;;;;2022;25;;;;;2020.5;127.68359375
-1;48200;RAINFOREST_RESIN;9998;5;9995;25;;;10005;25;;;;;10001.5;862.0
-1;48300;RAINFOREST_RESIN;9996;1;9995;28;;;9998;1;10000;5;10004;1;9997.0;862.0
-1;48300;KELP;2018;29;;;;;2019;5;2022;29;;;2018.5;109.625
-1;48400;RAINFOREST_RESIN;9995;27;;;;;10002;7;10005;27;;;9998.5;864.0
-1;48400;KELP;2019;1;2018;27;;;2022;27;;;;;2020.5;118.484375
-1;48500;KELP;2019;1;2018;29;;;2022;29;;;;;2020.5;116.8125
-1;48500;RAINFOREST_RESIN;9995;29;;;;;9998;1;10005;29;;;9996.5;864.0
-1;48600;KELP;2019;1;2018;29;;;2022;29;;;;;2020.5;117.37890625
-1;48600;RAINFOREST_RESIN;9996;1;9995;28;;;10004;1;10005;28;;;10000.0;866.0
-1;48700;RAINFOREST_RESIN;9996;1;9995;22;;;10004;1;10005;22;;;10000.0;866.0
-1;48700;KELP;2018;23;;;;;2022;23;;;;;2020.0;115.328125
-1;48800;RAINFOREST_RESIN;9996;1;9995;23;;;10004;1;10005;23;;;10000.0;866.0
-1;48800;KELP;2019;29;;;;;2022;24;;;;;2020.5;124.75390625
-1;48900;KELP;2019;34;;;;;2022;27;;;;;2020.5;128.390625
-1;48900;RAINFOREST_RESIN;9995;27;;;;;10005;27;;;;;10000.0;866.0
-1;49000;KELP;2019;39;;;;;2022;32;;;;;2020.5;125.4921875
-1;49000;RAINFOREST_RESIN;9996;2;9995;30;;;10004;2;10005;30;;;10000.0;866.0
-1;49100;RAINFOREST_RESIN;9996;2;9995;30;;;10004;2;10005;30;;;10000.0;866.0
-1;49100;KELP;2019;40;;;;;2022;32;;;;;2020.5;134.37890625
-1;49200;RAINFOREST_RESIN;9996;1;9995;20;;;10004;1;10005;20;;;10000.0;866.0
-1;49200;KELP;2019;21;;;;;2022;21;;;;;2020.5;127.25
-1;49300;KELP;2019;21;;;;;2022;22;;;;;2020.5;137.33203125
-1;49300;RAINFOREST_RESIN;9998;9;9996;1;9995;21;10004;1;10005;21;;;10001.0;866.0
-1;49400;KELP;2021;9;2020;5;2019;20;2022;20;;;;;2021.5;134.4765625
-1;49400;RAINFOREST_RESIN;9995;20;;;;;10005;20;;;;;10000.0;866.0
-1;49500;RAINFOREST_RESIN;9996;2;9995;30;;;10004;2;10005;30;;;10000.0;866.0
-1;49500;KELP;2019;40;;;;;2022;32;;;;;2020.5;140.4443359375
-1;49600;RAINFOREST_RESIN;9995;24;;;;;10005;24;;;;;10000.0;866.0
-1;49600;KELP;2021;1;2019;24;;;2022;24;;;;;2021.5;143.6568603515625
-1;49700;KELP;2019;28;;;;;2022;28;;;;;2020.5;144.0
-1;49700;RAINFOREST_RESIN;9998;7;9996;2;9995;26;10004;2;10005;26;;;10001.0;866.0
-1;49800;KELP;2019;25;;;;;2020;5;2023;25;;;2019.5;144.0
-1;49800;RAINFOREST_RESIN;9996;2;9995;23;;;10004;2;10005;23;;;10000.0;866.0
-1;49900;RAINFOREST_RESIN;9998;3;9995;23;;;10005;23;;;;;10001.5;866.0
-1;49900;KELP;2019;23;;;;;2023;23;;;;;2021.0;148.7880859375
-1;50000;RAINFOREST_RESIN;9996;1;9995;20;;;10004;1;10005;20;;;10000.0;874.0
-1;50000;KELP;2019;21;;;;;2022;1;2023;20;;;2020.5;150.552734375
-1;50100;KELP;2019;24;;;;;2021;2;2022;24;;;2020.0;150.166015625
-1;50100;RAINFOREST_RESIN;9995;24;;;;;10005;24;;;;;10000.0;874.0
-1;50200;KELP;2019;24;;;;;2023;24;;;;;2021.0;151.0751953125
-1;50200;RAINFOREST_RESIN;9995;24;;;;;10005;24;;;;;10000.0;874.0
-1;50300;RAINFOREST_RESIN;9995;30;;;;;10002;10;10005;30;;;9998.5;874.0
-1;50300;KELP;2019;30;;;;;2023;30;;;;;2021.0;151.353515625
-1;50400;RAINFOREST_RESIN;9998;4;9996;1;9995;22;10000;2;10004;1;10005;22;9999.0;874.0
-1;50400;KELP;2019;23;;;;;2021;3;2023;23;;;2020.0;151.296875
-1;50500;KELP;2019;25;;;;;2023;25;;;;;2021.0;151.388671875
-1;50500;RAINFOREST_RESIN;9996;2;9995;23;;;10004;2;10005;23;;;10000.0;874.0
-1;50600;KELP;2019;21;;;;;2020;6;2023;23;;;2019.5;151.853515625
-1;50600;RAINFOREST_RESIN;10002;1;9996;2;9995;21;10004;2;10005;21;;;10003.0;874.0
-1;50700;RAINFOREST_RESIN;9996;2;9995;22;;;10004;2;10005;22;;;10000.0;876.0
-1;50700;KELP;2020;24;;;;;2023;24;;;;;2021.5;160.802734375
-1;50800;RAINFOREST_RESIN;10002;5;9996;2;9995;22;10004;2;10005;22;;;10003.0;876.0
-1;50800;KELP;2022;1;2020;24;;;2023;24;;;;;2022.5;162.623046875
-1;50900;KELP;2020;28;;;;;2022;4;2023;28;;;2021.0;164.0234375
-1;50900;RAINFOREST_RESIN;9996;1;9995;27;;;10004;1;10005;27;;;10000.0;886.0
-1;51000;KELP;2020;28;;;;;2023;28;;;;;2021.5;160.267578125
-1;51000;RAINFOREST_RESIN;9996;2;9995;26;;;10004;2;10005;26;;;10000.0;886.0
-1;51100;RAINFOREST_RESIN;9998;6;9996;1;9995;25;10004;1;10005;25;;;10001.0;886.0
-1;51100;KELP;2020;26;;;;;2023;26;;;;;2021.5;163.33203125
-1;51200;RAINFOREST_RESIN;9996;2;9995;28;;;10004;2;10005;28;;;10000.0;886.0
-1;51200;KELP;2020;30;;;;;2023;30;;;;;2021.5;161.365234375
-1;51300;KELP;2020;25;;;;;2023;25;;;;;2021.5;166.94921875
-1;51300;RAINFOREST_RESIN;9996;1;9995;24;;;10004;1;10005;24;;;10000.0;886.0
-1;51400;KELP;2020;30;;;;;2023;30;;;;;2021.5;170.8125
-1;51400;RAINFOREST_RESIN;9995;30;;;;;10002;3;10005;30;;;9998.5;886.0
-1;51500;RAINFOREST_RESIN;9995;30;;;;;10005;30;;;;;10000.0;886.0
-1;51500;KELP;2022;1;2020;30;;;2023;30;;;;;2022.5;170.14453125
-1;51600;RAINFOREST_RESIN;10000;5;9996;2;9995;22;10002;1;10004;2;10005;22;10001.0;886.0
-1;51600;KELP;2021;5;2020;24;;;2023;24;;;;;2022.0;172.0
-1;51700;KELP;2020;16;;;;;2023;20;;;;;2021.5;168.88671875
-1;51700;RAINFOREST_RESIN;9995;20;;;;;10005;20;;;;;10000.0;886.0
-1;51800;KELP;2020;1;2019;24;;;2023;25;;;;;2021.5;163.328125
-1;51800;RAINFOREST_RESIN;9996;1;9995;24;;;10004;1;10005;24;;;10000.0;930.0
-1;51900;RAINFOREST_RESIN;9996;1;9995;23;;;10004;1;10005;23;;;10000.0;930.0
-1;51900;KELP;2021;4;2019;24;;;2023;24;;;;;2022.0;158.3125
-1;52000;RAINFOREST_RESIN;9998;3;9995;29;;;10005;29;;;;;10001.5;946.0
-1;52000;KELP;2019;29;;;;;2021;6;2023;29;;;2020.0;160.703125
-1;52100;KELP;2019;21;;;;;2023;21;;;;;2021.0;162.0078125
-1;52100;RAINFOREST_RESIN;9995;21;;;;;10005;21;;;;;10000.0;946.0
-1;52200;KELP;2019;31;;;;;2023;31;;;;;2021.0;157.203125
-1;52200;RAINFOREST_RESIN;9996;2;9995;29;;;10004;2;10005;29;;;10000.0;978.0
-1;52300;RAINFOREST_RESIN;10002;1;9996;1;9995;27;10004;1;10005;27;;;10003.0;978.0
-1;52300;KELP;2022;1;2019;28;;;2023;28;;;;;2022.5;159.984375
-1;52400;RAINFOREST_RESIN;9998;3;9996;1;9995;29;10004;1;10005;29;;;10001.0;980.0
-1;52400;KELP;2020;30;;;;;2023;30;;;;;2021.5;172.73046875
-1;52500;KELP;2022;1;2020;28;;;2023;28;;;;;2022.5;171.25
-1;52500;RAINFOREST_RESIN;9996;1;9995;27;;;9998;1;10004;1;10005;27;9997.0;980.0
-1;52600;RAINFOREST_RESIN;9998;1;9996;1;9995;22;10000;4;10004;1;10005;22;9999.0;982.0
-1;52600;KELP;2020;1;2019;22;;;2021;4;2023;23;;;2020.5;162.94140625
-1;52700;KELP;2019;26;;;;;2023;27;;;;;2021.0;158.94140625
-1;52700;RAINFOREST_RESIN;9996;2;9995;25;;;10004;2;10005;25;;;10000.0;982.0
-1;52800;RAINFOREST_RESIN;9995;26;;;;;10005;26;;;;;10000.0;982.0
-1;52800;KELP;2019;26;;;;;2023;26;;;;;2021.0;165.32421875
-1;52900;KELP;2020;30;;;;;2023;30;;;;;2021.5;166.171875
-1;52900;RAINFOREST_RESIN;9995;30;;;;;10005;30;;;;;10000.0;982.0
-1;53000;RAINFOREST_RESIN;10002;1;9996;1;9995;20;10004;1;10005;20;;;10003.0;1006.0
-1;53000;KELP;2020;21;;;;;2023;21;;;;;2021.5;170.34375
-1;53100;KELP;2019;24;;;;;2023;24;;;;;2021.0;161.23046875
-1;53100;RAINFOREST_RESIN;9995;24;;;;;10005;24;;;;;10000.0;1008.0
-1;53200;RAINFOREST_RESIN;9996;1;9995;30;;;10004;1;10005;30;;;10000.0;1008.0
-1;53200;KELP;2022;1;2019;31;;;2023;31;;;;;2022.5;162.3828125
-1;53300;KELP;2020;29;;;;;2023;29;;;;;2021.5;167.15625
-1;53300;RAINFOREST_RESIN;9995;29;;;;;10005;29;;;;;10000.0;1008.0
-1;53400;RAINFOREST_RESIN;9998;6;9996;2;9995;23;10004;2;10005;23;;;10001.0;1008.0
-1;53400;KELP;2020;25;;;;;2023;25;;;;;2021.5;172.7265625
-1;53500;KELP;2020;23;;;;;2023;23;;;;;2021.5;169.796875
-1;53500;RAINFOREST_RESIN;9996;2;9995;21;;;10002;1;10004;2;10005;21;9999.0;1008.0
-1;53600;RAINFOREST_RESIN;9995;24;;;;;9998;9;10005;24;;;9996.5;1008.0
-1;53600;KELP;2020;24;;;;;2023;24;;;;;2021.5;166.82421875
-1;53700;KELP;2019;30;;;;;2023;30;;;;;2021.0;163.9140625
-1;53700;RAINFOREST_RESIN;9998;1;9995;30;;;10005;30;;;;;10001.5;1026.0
-1;53800;RAINFOREST_RESIN;10002;3;9995;30;;;10005;30;;;;;10003.5;1026.0
-1;53800;KELP;2019;30;;;;;2023;30;;;;;2021.0;163.39453125
-1;53900;KELP;2019;27;;;;;2023;27;;;;;2021.0;161.88671875
-1;53900;RAINFOREST_RESIN;9996;2;9995;25;;;10004;2;10005;25;;;10000.0;1032.0
-1;54000;RAINFOREST_RESIN;9998;6;9996;1;9995;30;10004;1;10005;30;;;10001.0;1032.0
-1;54000;KELP;2020;31;;;;;2022;1;2023;31;;;2021.0;172.03125
-1;54100;KELP;2020;24;;;;;2022;2;2023;24;;;2021.0;170.46875
-1;54100;RAINFOREST_RESIN;9998;2;9996;2;9995;22;10004;2;10005;22;;;10001.0;1032.0
-1;54200;RAINFOREST_RESIN;9995;28;;;;;10005;28;;;;;10000.0;1032.0
-1;54200;KELP;2020;28;;;;;2023;28;;;;;2021.5;168.7734375
-1;54300;KELP;2022;1;2019;25;;;2023;25;;;;;2022.5;159.78125
-1;54300;RAINFOREST_RESIN;9996;2;9995;23;;;10004;2;10005;23;;;10000.0;1032.0
-1;54400;RAINFOREST_RESIN;9995;29;;;;;10005;29;;;;;10000.0;1036.0
-1;54400;KELP;2019;29;;;;;2022;29;;;;;2020.5;155.5234375
-1;54500;KELP;2019;21;;;;;2022;21;;;;;2020.5;152.92578125
-1;54500;RAINFOREST_RESIN;9996;1;9995;20;;;10004;1;10005;20;;;10000.0;1036.0
-1;54600;RAINFOREST_RESIN;10002;3;9995;27;;;10005;27;;;;;10003.5;1036.0
-1;54600;KELP;2019;27;;;;;2023;27;;;;;2021.0;156.4375
-1;54700;KELP;2019;29;;;;;2020;4;2022;29;;;2019.5;155.40625
-1;54700;RAINFOREST_RESIN;9996;2;9995;27;;;10004;2;10005;27;;;10000.0;1042.0
-1;54800;RAINFOREST_RESIN;9998;8;9995;27;;;10005;27;;;;;10001.5;1042.0
-1;54800;KELP;2019;27;;;;;2021;1;2022;27;;;2020.0;154.49609375
-1;54900;KELP;2019;29;;;;;2022;29;;;;;2020.5;153.0859375
-1;54900;RAINFOREST_RESIN;9996;1;9995;28;;;10002;3;10004;1;10005;28;9999.0;1042.0
-1;55000;RAINFOREST_RESIN;9996;2;9995;28;;;10002;8;10004;2;10005;28;9999.0;1042.0
-1;55000;KELP;2019;36;;;;;2022;30;;;;;2020.5;147.0625
-1;55100;KELP;2019;37;;;;;2022;29;;;;;2020.5;142.9296875
-1;55100;RAINFOREST_RESIN;9995;29;;;;;10005;29;;;;;10000.0;1042.0
-1;55200;RAINFOREST_RESIN;9996;2;9995;21;;;10004;2;10005;21;;;10000.0;1050.0
-1;55200;KELP;2018;21;;;;;2019;3;2020;8;2022;23;2018.5;141.01171875
-1;55300;RAINFOREST_RESIN;9996;2;9995;27;;;9998;1;10002;2;10004;2;9997.0;1050.0
-1;55300;KELP;2018;29;;;;;2022;29;;;;;2020.0;142.4765625
-1;55400;RAINFOREST_RESIN;9998;3;9996;1;9995;21;10004;1;10005;21;;;10001.0;1052.0
-1;55400;KELP;2019;2;2018;22;;;2022;22;;;;;2020.5;143.5703125
-1;55500;KELP;2021;1;2019;4;2018;25;2022;25;;;;;2021.5;146.2578125
-1;55500;RAINFOREST_RESIN;9995;25;;;;;10002;9;10005;25;;;9998.5;1052.0
-1;55600;KELP;2019;3;2018;26;;;2022;26;;;;;2020.5;145.34375
-1;55600;RAINFOREST_RESIN;9995;26;;;;;10005;26;;;;;10000.0;1052.0
-1;55700;RAINFOREST_RESIN;9996;2;9995;21;;;10004;2;10005;21;;;10000.0;1052.0
-1;55700;KELP;2019;25;;;;;2022;23;;;;;2020.5;148.5
-1;55800;RAINFOREST_RESIN;9998;6;9996;1;9995;26;10004;1;10005;26;;;10001.0;1052.0
-1;55800;KELP;2018;27;;;;;2022;27;;;;;2020.0;144.59375
-1;55900;KELP;2018;22;;;;;2022;22;;;;;2020.0;138.0546875
-1;55900;RAINFOREST_RESIN;9995;22;;;;;10005;22;;;;;10000.0;1052.0
-1;56000;KELP;2018;24;;;;;2019;3;2021;2;2022;22;2018.5;134.90625
-1;56000;RAINFOREST_RESIN;9996;2;9995;22;;;10002;10;10004;2;10005;22;9999.0;1052.0
-1;56100;RAINFOREST_RESIN;9996;2;9995;20;;;10004;2;10005;20;;;10000.0;1052.0
-1;56100;KELP;2019;22;;;;;2022;22;;;;;2020.5;156.5546875
-1;56200;RAINFOREST_RESIN;9996;1;9995;29;;;10004;1;10005;29;;;10000.0;1052.0
-1;56200;KELP;2020;2;2018;30;;;2022;30;;;;;2021.0;147.875
-1;56300;KELP;2019;6;2018;27;;;2022;27;;;;;2020.5;146.7265625
-1;56300;RAINFOREST_RESIN;10002;1;9996;2;9995;25;10004;2;10005;25;;;10003.0;1052.0
-1;56400;KELP;2018;31;;;;;2022;31;;;;;2020.0;145.234375
-1;56400;RAINFOREST_RESIN;9996;1;9995;30;;;10004;1;10005;30;;;10000.0;1054.0
-1;56500;RAINFOREST_RESIN;9996;2;9995;27;;;10004;2;10005;27;;;10000.0;1054.0
-1;56500;KELP;2018;29;;;;;2022;29;;;;;2020.0;144.1953125
-1;56600;RAINFOREST_RESIN;9996;2;9995;29;;;10002;4;10004;2;10005;29;9999.0;1054.0
-1;56600;KELP;2019;2;2018;29;;;2022;31;;;;;2020.5;149.5859375
-1;56700;KELP;2020;6;2018;26;;;2022;26;;;;;2021.0;142.3671875
-1;56700;RAINFOREST_RESIN;9998;3;9996;2;9995;24;10000;2;10004;2;10005;24;9999.0;1054.0
-1;56800;KELP;2018;24;;;;;2021;2;2022;22;;;2019.5;139.49609375
-1;56800;RAINFOREST_RESIN;10002;1;9998;10;9996;2;10004;2;10005;22;;;10003.0;1054.0
-1;56900;RAINFOREST_RESIN;9996;2;9995;20;;;10004;2;10005;20;;;10000.0;1056.0
-1;56900;KELP;2018;24;;;;;2021;22;;;;;2019.5;132.33984375
-1;57000;RAINFOREST_RESIN;9996;1;9995;27;;;10004;1;10005;27;;;10000.0;1056.0
-1;57000;KELP;2018;28;;;;;2020;8;2021;28;;;2019.0;122.3671875
-1;57100;KELP;2017;27;;;;;2020;27;;;;;2018.5;106.46875
-1;57100;RAINFOREST_RESIN;9996;2;9995;25;;;10004;2;10005;25;;;10000.0;1056.0
-1;57200;KELP;2019;1;2017;27;;;2020;27;;;;;2019.5;101.78125
-1;57200;RAINFOREST_RESIN;10002;2;9996;1;9995;26;10004;1;10005;26;;;10003.0;1056.0
-1;57300;RAINFOREST_RESIN;9996;1;9995;26;;;10002;9;10004;1;10005;26;9999.0;1060.0
-1;57300;KELP;2017;27;;;;;2020;27;;;;;2018.5;105.14453125
-1;57400;RAINFOREST_RESIN;9995;24;;;;;10005;24;;;;;10000.0;1060.0
-1;57400;KELP;2017;24;;;;;2019;2;2020;24;;;2018.0;102.421875
-1;57500;KELP;2019;5;2017;30;;;2020;25;;;;;2019.5;102.89453125
-1;57500;RAINFOREST_RESIN;9998;5;9996;2;9995;23;10004;2;10005;23;;;10001.0;1060.0
-1;57600;KELP;2017;24;;;;;2020;24;;;;;2018.5;106.6328125
-1;57600;RAINFOREST_RESIN;9995;24;;;;;10005;24;;;;;10000.0;1060.0
-1;57700;RAINFOREST_RESIN;9995;29;;;;;10005;29;;;;;10000.0;1060.0
-1;57700;KELP;2017;29;;;;;2020;29;;;;;2018.5;106.25390625
-1;57800;RAINFOREST_RESIN;9998;1;9996;2;9995;29;10004;2;10005;29;;;10001.0;1060.0
-1;57800;KELP;2017;31;;;;;2020;2;2021;29;;;2018.5;111.19921875
-1;57900;KELP;2017;27;;;;;2018;6;2019;5;2020;2;2017.5;109.48046875
-1;57900;RAINFOREST_RESIN;9996;2;9995;25;;;9998;1;10000;6;10004;2;9997.0;1060.0
-1;58000;KELP;2017;29;;;;;2020;1;2021;24;;;2018.5;112.921875
-1;58000;RAINFOREST_RESIN;9996;1;9995;24;;;9998;4;10004;1;10005;24;9997.0;1062.0
-1;58100;RAINFOREST_RESIN;9995;23;;;;;10005;23;;;;;10000.0;1070.0
-1;58100;KELP;2017;23;;;;;2020;23;;;;;2018.5;118.765625
-1;58200;RAINFOREST_RESIN;9996;1;9995;30;;;10004;1;10005;30;;;10000.0;1082.0
-1;58200;KELP;2017;31;;;;;2020;31;;;;;2018.5;120.265625
-1;58300;KELP;2017;29;;;;;2020;29;;;;;2018.5;119.10546875
-1;58300;RAINFOREST_RESIN;9995;29;;;;;10005;29;;;;;10000.0;1082.0
-1;58400;KELP;2016;23;;;;;2018;1;2019;23;;;2017.0;92.80859375
-1;58400;RAINFOREST_RESIN;9996;2;9995;21;;;10004;2;10005;21;;;10000.0;1082.0
-1;58500;RAINFOREST_RESIN;9995;21;;;;;10002;1;10005;21;;;9998.5;1082.0
-1;58500;KELP;2016;21;;;;;2019;21;;;;;2017.5;91.4375
-1;58600;RAINFOREST_RESIN;10002;1;9995;25;;;10005;25;;;;;10003.5;1082.0
-1;58600;KELP;2015;25;;;;;2017;7;2019;25;;;2016.0;81.171875
-1;58700;KELP;2015;34;;;;;2018;32;;;;;2016.5;70.4296875
-1;58700;RAINFOREST_RESIN;9996;2;9995;30;;;10004;2;10005;30;;;10000.0;1084.0
-1;58800;KELP;2015;29;;;;;2019;29;;;;;2017.0;79.96875
-1;58800;RAINFOREST_RESIN;9995;29;;;;;10002;1;10005;29;;;9998.5;1084.0
-1;58900;RAINFOREST_RESIN;9996;1;9995;24;;;10004;1;10005;24;;;10000.0;1132.0
-1;58900;KELP;2015;25;;;;;2019;25;;;;;2017.0;85.78125
-1;59000;RAINFOREST_RESIN;9996;2;9995;20;;;10004;2;10005;20;;;10000.0;1132.0
-1;59000;KELP;2016;22;;;;;2019;22;;;;;2017.5;97.078125
-1;59100;KELP;2016;34;;;;;2019;27;;;;;2017.5;106.328125
-1;59100;RAINFOREST_RESIN;9995;27;;;;;10005;27;;;;;10000.0;1132.0
-1;59200;KELP;2016;31;;;;;2020;31;;;;;2018.0;124.8125
-1;59200;RAINFOREST_RESIN;9998;4;9996;2;9995;29;10004;2;10005;29;;;10001.0;1136.0
-1;59300;RAINFOREST_RESIN;9996;1;9995;26;;;10004;1;10005;26;;;10000.0;1136.0
-1;59300;KELP;2016;26;;;;;2018;2;2019;27;;;2017.0;108.03125
-1;59400;RAINFOREST_RESIN;9996;1;9995;21;;;10004;1;10005;21;;;10000.0;1136.0
-1;59400;KELP;2015;22;;;;;2019;22;;;;;2017.0;86.2734375
-1;59500;KELP;2015;23;;;;;2019;23;;;;;2017.0;89.890625
-1;59500;RAINFOREST_RESIN;10002;5;9995;23;;;10005;23;;;;;10003.5;1136.0
-1;59600;KELP;2016;29;;;;;2019;29;;;;;2017.5;94.4375
-1;59600;RAINFOREST_RESIN;9996;2;9995;27;;;10004;2;10005;27;;;10000.0;1146.0
-1;59700;RAINFOREST_RESIN;9995;21;;;;;10005;21;;;;;10000.0;1146.0
-1;59700;KELP;2015;21;;;;;2018;21;;;;;2016.5;61.796875
-1;59800;RAINFOREST_RESIN;9996;1;9995;24;;;10004;1;10005;24;;;10000.0;1146.0
-1;59800;KELP;2015;25;;;;;2018;25;;;;;2016.5;66.3125
-1;59900;KELP;2015;24;;;;;2018;24;;;;;2016.5;61.4921875
-1;59900;RAINFOREST_RESIN;9996;1;9995;23;;;10002;6;10004;1;10005;23;9999.0;1146.0
-1;60000;KELP;2015;22;;;;;2018;22;;;;;2016.5;65.4453125
-1;60000;RAINFOREST_RESIN;9998;3;9995;22;;;10005;22;;;;;10001.5;1146.0
-1;60100;RAINFOREST_RESIN;9996;2;9995;25;;;10004;2;10005;25;;;10000.0;1150.0
-1;60100;KELP;2015;27;;;;;2018;27;;;;;2016.5;62.890625
-1;60200;RAINFOREST_RESIN;9995;25;;;;;10005;25;;;;;10000.0;1150.0
-1;60200;KELP;2016;3;2015;25;;;2018;25;;;;;2017.0;54.1953125
-1;60300;KELP;2015;28;;;;;2018;28;;;;;2016.5;52.4609375
-1;60300;RAINFOREST_RESIN;9996;1;9995;27;;;10004;1;10005;27;;;10000.0;1182.0
-1;60400;KELP;2015;1;2014;20;;;2018;21;;;;;2016.5;49.1953125
-1;60400;RAINFOREST_RESIN;9996;1;9995;20;;;9998;1;10004;1;10005;20;9997.0;1182.0
-1;60500;RAINFOREST_RESIN;9996;1;9995;23;;;10004;1;10005;23;;;10000.0;1184.0
-1;60500;KELP;2015;24;;;;;2018;24;;;;;2016.5;67.546875
-1;60600;RAINFOREST_RESIN;9996;2;9995;22;;;10004;2;10005;22;;;10000.0;1184.0
-1;60600;KELP;2015;26;;;;;2018;24;;;;;2016.5;66.546875
-1;60700;KELP;2015;22;;;;;2017;5;2018;22;;;2016.0;66.2734375
-1;60700;RAINFOREST_RESIN;9995;22;;;;;10005;22;;;;;10000.0;1184.0
-1;60800;KELP;2015;31;;;;;2018;32;;;;;2016.5;66.75
-1;60800;RAINFOREST_RESIN;10002;10;9996;2;9995;30;10004;2;10005;30;;;10003.0;1184.0
-1;60900;RAINFOREST_RESIN;9996;2;9995;29;;;10004;2;10005;29;;;10000.0;1204.0
-1;60900;KELP;2015;28;;;;;2017;4;2018;31;;;2016.0;58.484375
-1;61000;RAINFOREST_RESIN;9995;28;;;;;10005;28;;;;;10000.0;1204.0
-1;61000;KELP;2015;28;;;;;2018;28;;;;;2016.5;63.0546875
-1;61100;KELP;2015;29;;;;;2017;3;2018;29;;;2016.0;52.9140625
-1;61100;RAINFOREST_RESIN;9995;29;;;;;10005;29;;;;;10000.0;1204.0
-1;61200;KELP;2015;22;;;;;2016;2;2018;22;;;2015.5;61.5234375
-1;61200;RAINFOREST_RESIN;9998;9;9996;1;9995;21;10000;2;10004;1;10005;21;9999.0;1204.0
-1;61300;RAINFOREST_RESIN;9996;1;9995;22;;;10004;1;10005;22;;;10000.0;1204.0
-1;61300;KELP;2015;23;;;;;2018;23;;;;;2016.5;70.8125
-1;61400;RAINFOREST_RESIN;9996;1;9995;30;;;10004;1;10005;30;;;10000.0;1204.0
-1;61400;KELP;2015;31;;;;;2018;1;2019;30;;;2016.5;74.28125
-1;61500;KELP;2015;29;;;;;2018;29;;;;;2016.5;60.7109375
-1;61500;RAINFOREST_RESIN;9996;2;9995;27;;;10004;2;10005;27;;;10000.0;1204.0
-1;61600;RAINFOREST_RESIN;9996;2;9995;28;;;10004;2;10005;28;;;10000.0;1204.0
-1;61600;KELP;2015;30;;;;;2017;5;2018;30;;;2016.0;53.2734375
-1;61700;KELP;2014;26;;;;;2016;7;2017;27;;;2015.0;28.4375
-1;61700;RAINFOREST_RESIN;9996;1;9995;26;;;10004;1;10005;26;;;10000.0;1204.0
-1;61800;RAINFOREST_RESIN;9995;20;;;;;10005;20;;;;;10000.0;1204.0
-1;61800;KELP;2015;20;;;;;2018;20;;;;;2016.5;54.7578125
-1;61900;KELP;2014;26;;;;;2017;26;;;;;2015.5;31.25
-1;61900;RAINFOREST_RESIN;9995;26;;;;;9998;1;10005;26;;;9996.5;1204.0
-1;62000;RAINFOREST_RESIN;9995;20;;;;;10005;20;;;;;10000.0;1214.0
-1;62000;KELP;2016;1;2014;20;;;2017;20;;;;;2016.5;33.8828125
-1;62100;KELP;2014;25;;;;;2017;25;;;;;2015.5;36.21484375
-1;62100;RAINFOREST_RESIN;9996;2;9995;23;;;10004;2;10005;23;;;10000.0;1214.0
-1;62200;RAINFOREST_RESIN;9995;25;;;;;10002;3;10005;25;;;9998.5;1214.0
-1;62200;KELP;2014;25;;;;;2017;25;;;;;2015.5;31.87890625
-1;62300;KELP;2014;22;;;;;2017;22;;;;;2015.5;35.19140625
-1;62300;RAINFOREST_RESIN;9995;22;;;;;10005;22;;;;;10000.0;1214.0
-1;62400;RAINFOREST_RESIN;9996;2;9995;23;;;10004;2;10005;23;;;10000.0;1222.0
-1;62400;KELP;2014;25;;;;;2016;8;2018;25;;;2015.0;48.29296875
-1;62500;KELP;2015;3;2014;23;;;2018;24;;;;;2016.5;49.1484375
-1;62500;RAINFOREST_RESIN;9996;1;9995;23;;;10004;1;10005;23;;;10000.0;1222.0
-1;62600;RAINFOREST_RESIN;9995;29;;;;;10005;29;;;;;10000.0;1222.0
-1;62600;KELP;2015;29;;;;;2018;29;;;;;2016.5;63.69921875
-1;62700;KELP;2015;26;;;;;2018;26;;;;;2016.5;62.42578125
-1;62700;RAINFOREST_RESIN;9996;2;9995;24;;;10004;2;10005;24;;;10000.0;1222.0
-1;62800;RAINFOREST_RESIN;9995;26;;;;;10005;26;;;;;10000.0;1222.0
-1;62800;KELP;2015;25;;;;;2017;1;2019;26;;;2016.0;74.08984375
-1;62900;KELP;2016;29;;;;;2018;1;2019;29;;;2017.0;91.078125
-1;62900;RAINFOREST_RESIN;9996;2;9995;27;;;9998;4;10004;2;10005;27;9997.0;1222.0
-1;63000;RAINFOREST_RESIN;9995;29;;;;;10005;29;;;;;10000.0;1230.0
-1;63000;KELP;2016;29;;;;;2018;4;2019;29;;;2017.0;92.8359375
-1;63100;KELP;2016;25;;;;;2020;26;;;;;2018.0;107.453125
-1;63100;RAINFOREST_RESIN;9996;2;9995;24;;;10004;2;10005;24;;;10000.0;1230.0
-1;63200;RAINFOREST_RESIN;9995;28;;;;;10005;28;;;;;10000.0;1230.0
-1;63200;KELP;2016;28;;;;;2020;28;;;;;2018.0;108.5859375
-1;63300;KELP;2016;32;;;;;2019;2;2020;30;;;2017.5;104.671875
-1;63300;RAINFOREST_RESIN;9996;2;9995;30;;;10004;2;10005;30;;;10000.0;1230.0
-1;63400;RAINFOREST_RESIN;9996;2;9995;24;;;10004;2;10005;24;;;10000.0;1230.0
-1;63400;KELP;2018;3;2016;26;;;2020;26;;;;;2019.0;106.6171875
-1;63500;KELP;2016;22;;;;;2019;20;;;;;2017.5;102.4140625
-1;63500;RAINFOREST_RESIN;9998;8;9995;20;;;10005;20;;;;;10001.5;1230.0
-1;63600;RAINFOREST_RESIN;9995;21;;;;;10005;21;;;;;10000.0;1230.0
-1;63600;KELP;2018;1;2016;21;;;2019;21;;;;;2018.5;99.78515625
-1;63700;KELP;2017;8;2016;30;;;2019;2;2020;28;;;2018.0;105.18359375
-1;63700;RAINFOREST_RESIN;9996;2;9995;28;;;10002;6;10004;2;10005;28;9999.0;1230.0
-1;63800;RAINFOREST_RESIN;9996;1;9995;21;;;10004;1;10005;21;;;10000.0;1230.0
-1;63800;KELP;2016;21;;;;;2018;7;2020;22;;;2017.0;108.13671875
-1;63900;KELP;2016;21;;;;;2018;6;2020;21;;;2017.0;103.890625
-1;63900;RAINFOREST_RESIN;9995;21;;;;;10005;21;;;;;10000.0;1230.0
-1;64000;RAINFOREST_RESIN;9998;6;9995;30;;;10005;30;;;;;10001.5;1278.0
-1;64000;KELP;2016;30;;;;;2019;30;;;;;2017.5;101.16796875
-1;64100;KELP;2016;27;;;;;2019;27;;;;;2017.5;101.90234375
-1;64100;RAINFOREST_RESIN;9995;27;;;;;10002;6;10005;27;;;9998.5;1278.0
-1;64200;KELP;2015;25;;;;;2018;25;;;;;2016.5;72.58984375
-1;64200;RAINFOREST_RESIN;9996;1;9995;24;;;10004;1;10005;24;;;10000.0;1278.0
-1;64300;RAINFOREST_RESIN;9998;7;9996;1;9995;22;10004;1;10005;22;;;10001.0;1286.0
-1;64300;KELP;2015;23;;;;;2018;23;;;;;2016.5;65.23046875
-1;64400;RAINFOREST_RESIN;9998;8;9996;2;9995;27;10004;2;10005;27;;;10001.0;1286.0
-1;64400;KELP;2015;31;;;;;2018;29;;;;;2016.5;67.109375
-1;64500;KELP;2015;29;;;;;2017;6;2018;29;;;2016.0;69.84375
-1;64500;RAINFOREST_RESIN;9998;5;9996;2;9995;27;10004;2;10005;27;;;10001.0;1286.0
-1;64600;KELP;2015;26;;;;;2018;26;;;;;2016.5;66.859375
-1;64600;RAINFOREST_RESIN;9995;26;;;;;10005;26;;;;;10000.0;1286.0
-1;64700;RAINFOREST_RESIN;9995;28;;;;;10005;28;;;;;10000.0;1286.0
-1;64700;KELP;2015;28;;;;;2018;28;;;;;2016.5;58.2421875
-1;64800;RAINFOREST_RESIN;9996;2;9995;30;;;10004;2;10005;30;;;10000.0;1286.0
-1;64800;KELP;2015;2;2014;30;;;2018;32;;;;;2016.5;57.609375
-1;64900;KELP;2015;31;;;;;2017;3;2018;31;;;2016.0;58.234375
-1;64900;RAINFOREST_RESIN;9996;2;9995;29;;;10004;2;10005;29;;;10000.0;1286.0
-1;65000;KELP;2015;25;;;;;2018;25;;;;;2016.5;67.65234375
-1;65000;RAINFOREST_RESIN;9995;25;;;;;9998;1;10005;25;;;9996.5;1286.0
-1;65100;RAINFOREST_RESIN;9996;2;9995;23;;;10004;2;10005;23;;;10000.0;1288.0
-1;65100;KELP;2015;25;;;;;2018;25;;;;;2016.5;64.4765625
-1;65200;RAINFOREST_RESIN;9998;8;9995;29;;;10005;29;;;;;10001.5;1292.0
-1;65200;KELP;2017;1;2015;29;;;2019;29;;;;;2018.0;79.82421875
-1;65300;KELP;2015;21;;;;;2017;2;2018;21;;;2016.0;70.2265625
-1;65300;RAINFOREST_RESIN;9995;21;;;;;10002;3;10005;21;;;9998.5;1292.0
-1;65400;KELP;2015;28;;;;;2016;3;2018;28;;;2015.5;73.046875
-1;65400;RAINFOREST_RESIN;9996;2;9995;26;;;10000;3;10004;2;10005;26;9998.0;1292.0
-1;65500;RAINFOREST_RESIN;9996;2;9995;27;;;10004;2;10005;27;;;10000.0;1292.0
-1;65500;KELP;2015;36;;;;;2018;29;;;;;2016.5;67.26953125
-1;65600;RAINFOREST_RESIN;9998;5;9995;20;;;10005;20;;;;;10001.5;1292.0
-1;65600;KELP;2015;20;;;;;2019;20;;;;;2017.0;76.26953125
-1;65700;KELP;2014;29;;;;;2018;29;;;;;2016.0;57.3671875
-1;65700;RAINFOREST_RESIN;9995;29;;;;;10005;29;;;;;10000.0;1292.0
-1;65800;KELP;2015;20;;;;;2017;7;2018;20;;;2016.0;59.97265625
-1;65800;RAINFOREST_RESIN;9998;9;9995;20;;;10005;20;;;;;10001.5;1292.0
-1;65900;RAINFOREST_RESIN;9996;1;9995;23;;;10004;1;10005;23;;;10000.0;1292.0
-1;65900;KELP;2015;29;;;;;2018;24;;;;;2016.5;65.4765625
-1;66000;RAINFOREST_RESIN;9998;4;9996;2;9995;22;10004;2;10005;22;;;10001.0;1292.0
-1;66000;KELP;2015;24;;;;;2018;24;;;;;2016.5;66.07421875
-1;66100;KELP;2015;27;;;;;2018;27;;;;;2016.5;69.1796875
-1;66100;RAINFOREST_RESIN;9996;1;9995;26;;;9998;1;10004;1;10005;26;9997.0;1292.0
-1;66200;KELP;2016;5;2015;20;;;2019;20;;;;;2017.5;80.62890625
-1;66200;RAINFOREST_RESIN;10002;1;10000;5;9995;20;10005;20;;;;;10003.5;1294.0
-1;66300;RAINFOREST_RESIN;9996;1;9995;24;;;10004;1;10005;24;;;10000.0;1296.0
-1;66300;KELP;2018;1;2016;2;2015;25;2019;25;;;;;2018.5;83.1796875
-1;66400;RAINFOREST_RESIN;9995;21;;;;;9998;3;10005;21;;;9996.5;1296.0
-1;66400;KELP;2015;21;;;;;2019;21;;;;;2017.0;86.5234375
-1;66500;KELP;2015;22;;;;;2019;22;;;;;2017.0;84.87890625
-1;66500;RAINFOREST_RESIN;9996;2;9995;20;;;10004;2;10005;20;;;10000.0;1302.0
-1;66600;KELP;2015;22;;;;;2017;3;2019;22;;;2016.0;78.609375
-1;66600;RAINFOREST_RESIN;9995;22;;;;;10005;22;;;;;10000.0;1302.0
-1;66700;RAINFOREST_RESIN;9998;9;9995;27;;;10005;27;;;;;10001.5;1302.0
-1;66700;KELP;2014;27;;;;;2018;27;;;;;2016.0;54.640625
-1;66800;RAINFOREST_RESIN;9995;30;;;;;10005;30;;;;;10000.0;1302.0
-1;66800;KELP;2014;30;;;;;2018;30;;;;;2016.0;57.3046875
-1;66900;KELP;2017;1;2015;4;2014;23;2018;23;;;;;2017.5;58.6640625
-1;66900;RAINFOREST_RESIN;9998;4;9995;23;;;10005;23;;;;;10001.5;1302.0
-1;67000;KELP;2015;25;;;;;2018;25;;;;;2016.5;64.03515625
-1;67000;RAINFOREST_RESIN;9996;1;9995;24;;;10004;1;10005;24;;;10000.0;1302.0
-1;67100;RAINFOREST_RESIN;9995;23;;;;;10005;23;;;;;10000.0;1302.0
-1;67100;KELP;2015;23;;;;;2018;23;;;;;2016.5;62.17578125
-1;67200;RAINFOREST_RESIN;9996;2;9995;20;;;10002;3;10004;2;10005;20;9999.0;1302.0
-1;67200;KELP;2015;21;;;;;2018;22;;;;;2016.5;72.37890625
-1;67300;KELP;2015;31;;;;;2018;30;;;;;2016.5;73.265625
-1;67300;RAINFOREST_RESIN;9995;30;;;;;9998;3;10005;30;;;9996.5;1302.0
-1;67400;KELP;2015;26;;;;;2018;26;;;;;2016.5;78.26171875
-1;67400;RAINFOREST_RESIN;9998;4;9996;1;9995;25;10004;1;10005;25;;;10001.0;1308.0
-1;67500;RAINFOREST_RESIN;9995;21;;;;;10005;21;;;;;10000.0;1308.0
-1;67500;KELP;2015;20;;;;;2018;21;;;;;2016.5;76.89453125
-1;67600;RAINFOREST_RESIN;9996;2;9995;25;;;10004;2;10005;25;;;10000.0;1308.0
-1;67600;KELP;2015;27;;;;;2018;27;;;;;2016.5;76.0078125
-1;67700;KELP;2015;33;;;;;2018;30;;;;;2016.5;80.642578125
-1;67700;RAINFOREST_RESIN;9996;1;9995;29;;;10004;1;10005;29;;;10000.0;1308.0
-1;67800;KELP;2015;38;;;;;2018;30;;;;;2016.5;78.8935546875
-1;67800;RAINFOREST_RESIN;9998;3;9995;30;;;10005;30;;;;;10001.5;1308.0
-1;67900;RAINFOREST_RESIN;9995;25;;;;;10005;25;;;;;10000.0;1308.0
-1;67900;KELP;2015;25;;;;;2018;25;;;;;2016.5;80.4580078125
-1;68000;RAINFOREST_RESIN;9996;2;9995;21;;;10004;2;10005;21;;;10000.0;1308.0
-1;68000;KELP;2015;23;;;;;2018;23;;;;;2016.5;80.6630859375
-1;68100;KELP;2015;31;;;;;2017;4;2018;31;;;2016.0;79.6796875
-1;68100;RAINFOREST_RESIN;9996;2;9995;29;;;10004;2;10005;29;;;10000.0;1308.0
-1;68200;KELP;2017;1;2015;31;;;2018;31;;;;;2017.5;82.232421875
-1;68200;RAINFOREST_RESIN;9996;2;9995;29;;;10004;2;10005;29;;;10000.0;1308.0
-1;68300;RAINFOREST_RESIN;9996;1;9995;28;;;10004;1;10005;28;;;10000.0;1308.0
-1;68300;KELP;2017;1;2015;29;;;2018;29;;;;;2017.5;81.60546875
-1;68400;RAINFOREST_RESIN;9996;2;9995;26;;;10004;2;10005;26;;;10000.0;1308.0
-1;68400;KELP;2015;28;;;;;2018;28;;;;;2016.5;83.61328125
-1;68500;KELP;2015;23;;;;;2018;23;;;;;2016.5;84.3828125
-1;68500;RAINFOREST_RESIN;9995;23;;;;;10002;5;10005;23;;;9998.5;1308.0
-1;68600;KELP;2015;24;;;;;2018;25;;;;;2016.5;84.05859375
-1;68600;RAINFOREST_RESIN;9996;1;9995;24;;;10004;1;10005;24;;;10000.0;1308.0
-1;68700;RAINFOREST_RESIN;9996;1;9995;27;;;10004;1;10005;27;;;10000.0;1308.0
-1;68700;KELP;2015;28;;;;;2018;28;;;;;2016.5;85.58203125
-1;68800;RAINFOREST_RESIN;9995;22;;;;;9998;1;10005;22;;;9996.5;1308.0
-1;68800;KELP;2015;22;;;;;2018;22;;;;;2016.5;84.47265625
-1;68900;KELP;2017;1;2015;28;;;2018;28;;;;;2017.5;80.900390625
-1;68900;RAINFOREST_RESIN;9996;1;9995;27;;;10004;1;10005;27;;;10000.0;1310.0
-1;69000;KELP;2015;30;;;;;2018;30;;;;;2016.5;85.2060546875
-1;69000;RAINFOREST_RESIN;9996;2;9995;28;;;10004;2;10005;28;;;10000.0;1310.0
-1;69100;RAINFOREST_RESIN;9998;9;9996;1;9995;30;10004;1;10005;30;;;10001.0;1310.0
-1;69100;KELP;2015;30;;;;;2018;31;;;;;2016.5;83.6572265625
-1;69200;RAINFOREST_RESIN;9996;2;9995;28;;;10004;2;10005;28;;;10000.0;1310.0
-1;69200;KELP;2017;3;2015;30;;;2018;30;;;;;2017.5;83.3427734375
-1;69300;KELP;2017;1;2015;21;;;2018;21;;;;;2017.5;84.830078125
-1;69300;RAINFOREST_RESIN;9995;21;;;;;9998;1;10005;21;;;9996.5;1310.0
-1;69400;KELP;2015;26;;;;;2018;26;;;;;2016.5;85.625
-1;69400;RAINFOREST_RESIN;10002;1;9998;2;9996;1;10004;1;10005;25;;;10003.0;1312.0
-1;69500;RAINFOREST_RESIN;9998;1;9996;2;9995;24;10004;2;10005;24;;;10001.0;1314.0
-1;69500;KELP;2015;32;;;;;2018;26;;;;;2016.5;85.78271484375
-1;69600;RAINFOREST_RESIN;9995;23;;;;;10005;23;;;;;10000.0;1314.0
-1;69600;KELP;2015;22;;;;;2018;23;;;;;2016.5;85.7412109375
-1;69700;KELP;2015;21;;;;;2018;21;;;;;2016.5;85.7451171875
-1;69700;RAINFOREST_RESIN;10002;1;9996;1;9995;20;10004;1;10005;20;;;10003.0;1314.0
-1;69800;KELP;2015;24;;;;;2018;24;;;;;2016.5;88.17578125
-1;69800;RAINFOREST_RESIN;9996;1;9995;23;;;10004;1;10005;23;;;10000.0;1320.0
-1;69900;RAINFOREST_RESIN;9996;2;9995;27;;;10004;2;10005;27;;;10000.0;1320.0
-1;69900;KELP;2015;29;;;;;2018;29;;;;;2016.5;87.9833984375
-1;70000;RAINFOREST_RESIN;9996;2;9995;27;;;10004;2;10005;27;;;10000.0;1320.0
-1;70000;KELP;2015;29;;;;;2018;29;;;;;2016.5;87.1787109375
-1;70100;KELP;2015;23;;;;;2018;2;2019;22;;;2016.5;89.142578125
-1;70100;RAINFOREST_RESIN;9996;2;9995;22;;;10004;2;10005;22;;;10000.0;1320.0
-1;70200;KELP;2015;22;;;;;2018;22;;;;;2016.5;87.94140625
-1;70200;RAINFOREST_RESIN;9996;1;9995;21;;;10004;1;10005;21;;;10000.0;1320.0
-1;70300;RAINFOREST_RESIN;9996;1;9995;25;;;9998;2;10004;1;10005;25;9997.0;1320.0
-1;70300;KELP;2015;26;;;;;2018;26;;;;;2016.5;86.3291015625
-1;70400;RAINFOREST_RESIN;9995;26;;;;;10005;26;;;;;10000.0;1324.0
-1;70400;KELP;2015;26;;;;;2017;6;2018;26;;;2016.0;85.373046875
-1;70500;KELP;2015;23;;;;;2016;3;2017;3;2018;23;2015.5;86.599609375
-1;70500;RAINFOREST_RESIN;9995;23;;;;;10000;3;10005;23;;;9997.5;1324.0
-1;70600;RAINFOREST_RESIN;9996;1;9995;27;;;10004;1;10005;27;;;10000.0;1324.0
-1;70600;KELP;2015;34;;;;;2018;28;;;;;2016.5;90.8671875
-1;70700;KELP;2015;26;;;;;2018;26;;;;;2016.5;88.0078125
-1;70700;RAINFOREST_RESIN;9995;26;;;;;10005;26;;;;;10000.0;1328.0
-1;70800;RAINFOREST_RESIN;10002;1;9995;27;;;10005;27;;;;;10003.5;1328.0
-1;70800;KELP;2015;26;;;;;2018;27;;;;;2016.5;89.541015625
-1;70900;KELP;2015;32;;;;;2018;32;;;;;2016.5;89.7734375
-1;70900;RAINFOREST_RESIN;9996;2;9995;30;;;10004;2;10005;30;;;10000.0;1330.0
-1;71000;RAINFOREST_RESIN;9996;1;9995;29;;;10002;5;10004;1;10005;29;9999.0;1330.0
-1;71000;KELP;2015;30;;;;;2018;30;;;;;2016.5;89.3203125
-1;71100;KELP;2015;22;;;;;2018;22;;;;;2016.5;89.64453125
-1;71100;RAINFOREST_RESIN;9998;9;9996;1;9995;21;10004;1;10005;21;;;10001.0;1330.0
-1;71200;RAINFOREST_RESIN;10002;1;9996;1;9995;28;10004;1;10005;28;;;10003.0;1330.0
-1;71200;KELP;2015;28;;;;;2018;29;;;;;2016.5;89.2890625
-1;71300;KELP;2015;28;;;;;2017;4;2018;28;;;2016.0;87.453125
-1;71300;RAINFOREST_RESIN;9996;2;9995;26;;;10002;4;10004;2;10005;26;9999.0;1332.0
-1;71400;RAINFOREST_RESIN;9996;2;9995;24;;;10002;3;10004;2;10005;24;9999.0;1332.0
-1;71400;KELP;2015;26;;;;;2018;26;;;;;2016.5;86.873046875
-1;71500;KELP;2015;25;;;;;2018;28;;;;;2016.5;90.4609375
-1;71500;RAINFOREST_RESIN;10002;1;9996;2;9995;26;10004;2;10005;26;;;10003.0;1332.0
-1;71600;RAINFOREST_RESIN;9996;1;9995;27;;;9998;3;10004;1;10005;27;9997.0;1334.0
-1;71600;KELP;2014;28;;;;;2018;28;;;;;2016.0;84.04296875
-1;71700;KELP;2014;31;;;;;2016;4;2018;31;;;2015.0;84.26953125
-1;71700;RAINFOREST_RESIN;9996;2;9995;29;;;10004;2;10005;29;;;10000.0;1340.0
-1;71800;RAINFOREST_RESIN;10002;1;9996;2;9995;25;10004;2;10005;25;;;10003.0;1340.0
-1;71800;KELP;2014;27;;;;;2018;27;;;;;2016.0;92.78125
-1;71900;KELP;2014;26;;;;;2018;26;;;;;2016.0;89.6796875
-1;71900;RAINFOREST_RESIN;10002;1;9996;1;9995;25;10004;1;10005;25;;;10003.0;1342.0
-1;72000;RAINFOREST_RESIN;9996;1;9995;20;;;10004;1;10005;20;;;10000.0;1344.0
-1;72000;KELP;2015;21;;;;;2017;6;2018;21;;;2016.0;103.01953125
-1;72100;KELP;2014;21;;;;;2016;5;2018;21;;;2015.0;93.44921875
-1;72100;RAINFOREST_RESIN;9995;21;;;;;10005;21;;;;;10000.0;1344.0
-1;72200;RAINFOREST_RESIN;9996;2;9995;29;;;10004;2;10005;29;;;10000.0;1344.0
-1;72200;KELP;2016;3;2014;31;;;2018;31;;;;;2017.0;89.34375
-1;72300;KELP;2014;23;;;;;2018;23;;;;;2016.0;94.04296875
-1;72300;RAINFOREST_RESIN;9996;1;9995;22;;;10002;8;10004;1;10005;22;9999.0;1344.0
-1;72400;RAINFOREST_RESIN;10002;1;9996;2;9995;20;10004;2;10005;20;;;10003.0;1344.0
-1;72400;KELP;2014;22;;;;;2016;6;2018;22;;;2015.0;90.828125
-1;72500;KELP;2014;34;;;;;2017;27;;;;;2015.5;80.2890625
-1;72500;RAINFOREST_RESIN;9996;2;9995;25;;;10004;2;10005;25;;;10000.0;1346.0
-1;72600;RAINFOREST_RESIN;9996;2;9995;27;;;10004;2;10005;27;;;10000.0;1346.0
-1;72600;KELP;2014;35;;;;;2015;4;2017;29;;;2014.5;84.1328125
-1;72700;KELP;2014;23;;;;;2017;23;;;;;2015.5;83.9375
-1;72700;RAINFOREST_RESIN;9995;23;;;;;10005;23;;;;;10000.0;1346.0
-1;72800;RAINFOREST_RESIN;9995;20;;;;;10005;20;;;;;10000.0;1346.0
-1;72800;KELP;2014;20;;;;;2017;20;;;;;2015.5;84.953125
-1;72900;KELP;2014;24;;;;;2017;24;;;;;2015.5;83.703125
-1;72900;RAINFOREST_RESIN;9998;1;9996;2;9995;22;10004;2;10005;22;;;10001.0;1346.0
-1;73000;RAINFOREST_RESIN;9996;1;9995;21;;;10002;7;10004;1;10005;21;9999.0;1346.0
-1;73000;KELP;2014;21;;;;;2016;2;2017;22;;;2015.0;84.265625
-1;73100;KELP;2014;31;;;;;2017;31;;;;;2015.5;78.765625
-1;73100;RAINFOREST_RESIN;9996;2;9995;29;;;10002;3;10004;2;10005;29;9999.0;1346.0
-1;73200;KELP;2014;21;;;;;2017;21;;;;;2015.5;74.984375
-1;73200;RAINFOREST_RESIN;9995;21;;;;;10005;21;;;;;10000.0;1346.0
-1;73300;RAINFOREST_RESIN;9996;1;9995;29;;;10004;1;10005;29;;;10000.0;1346.0
-1;73300;KELP;2014;30;;;;;2017;30;;;;;2015.5;71.296875
-1;73400;RAINFOREST_RESIN;9995;30;;;;;9998;1;10005;30;;;9996.5;1346.0
-1;73400;KELP;2014;30;;;;;2016;4;2017;30;;;2015.0;74.2890625
-1;73500;KELP;2014;25;;;;;2017;25;;;;;2015.5;76.6171875
-1;73500;RAINFOREST_RESIN;9996;2;9995;23;;;10004;2;10005;23;;;10000.0;1348.0
-1;73600;KELP;2014;25;;;;;2017;25;;;;;2015.5;77.296875
-1;73600;RAINFOREST_RESIN;9996;1;9995;24;;;10004;1;10005;24;;;10000.0;1348.0
-1;73700;RAINFOREST_RESIN;9995;24;;;;;10005;24;;;;;10000.0;1348.0
-1;73700;KELP;2014;24;;;;;2017;24;;;;;2015.5;87.3828125
-1;73800;RAINFOREST_RESIN;9995;24;;;;;10005;24;;;;;10000.0;1348.0
-1;73800;KELP;2014;24;;;;;2016;5;2018;24;;;2015.0;98.046875
-1;73900;KELP;2015;27;;;;;2018;30;;;;;2016.5;118.1875
-1;73900;RAINFOREST_RESIN;9995;30;;;;;10005;30;;;;;10000.0;1348.0
-1;74000;KELP;2015;26;;;;;2017;3;2018;26;;;2016.0;106.234375
-1;74000;RAINFOREST_RESIN;10002;1;9998;10;9996;2;10004;2;10005;24;;;10003.0;1348.0
-1;74100;RAINFOREST_RESIN;10000;6;9996;2;9995;30;10004;2;10005;30;;;10002.0;1350.0
-1;74100;KELP;2016;6;2015;32;;;2018;32;;;;;2017.0;106.4921875
-1;74200;RAINFOREST_RESIN;9996;2;9995;20;;;10002;6;10004;2;10005;20;9999.0;1350.0
-1;74200;KELP;2015;22;;;;;2018;22;;;;;2016.5;106.34375
-1;74300;KELP;2015;5;2014;32;;;2018;32;;;;;2016.5;94.33203125
-1;74300;RAINFOREST_RESIN;9996;2;9995;30;;;10002;6;10004;2;10005;30;9999.0;1350.0
-1;74400;KELP;2015;30;;;;;2018;30;;;;;2016.5;106.16015625
-1;74400;RAINFOREST_RESIN;9995;30;;;;;10005;30;;;;;10000.0;1350.0
-1;74500;RAINFOREST_RESIN;10000;3;9995;29;;;10005;29;;;;;10002.5;1350.0
-1;74500;KELP;2016;3;2014;29;;;2018;29;;;;;2017.0;100.9765625
-1;74600;RAINFOREST_RESIN;10002;1;9998;7;9995;29;10005;29;;;;;10003.5;1350.0
-1;74600;KELP;2014;29;;;;;2018;29;;;;;2016.0;99.171875
-1;74700;KELP;2014;32;;;;;2018;32;;;;;2016.0;96.16796875
