timestamp;buyer;seller;symbol;currency;price;quantity
0;;SUBMISSION;RAINFOREST_RESIN;SEASHELLS;10007;6
100;SUBMISSION;;RAINFOREST_RESIN;SEASHELLS;9993;2
100;;;SQUID_INK;SEASHELLS;1838;1
100;;SUBMISSION;KELP;SEASHELLS;2034;1
200;;SUBMISSION;RAINFOREST_RESIN;SEASHELLS;10001;1
200;;SUBMISSION;KELP;SEASHELLS;2034;1
200;;;SQUID_INK;SEASHELLS;1842;1
300;;SUBMISSION;RAINFOREST_RESIN;SEASHELLS;10001;1
300;;;SQUID_INK;SEASHELLS;1843;1
300;;SUBMISSION;KELP;SEASHELLS;2034;1
500;;;KELP;SEASHELLS;2034;1
500;SUBMISSION;;KELP;SEASHELLS;2033;3
500;;;SQUID_INK;SEASHELLS;1840;1
600;SUBMISSION;;RAINFOREST_RESIN;SEASHELLS;9998;10
600;;;SQUID_INK;SEASHELLS;1840;5
600;;;KELP;SEASHELLS;2033;5
700;;;SQUID_INK;SEASHELLS;1834;1
700;;;KELP;SEASHELLS;2032;1
800;;;KELP;SEASHELLS;2032;1
800;;;SQUID_INK;SEASHELLS;1833;1
900;SUBMISSION;;RAINFOREST_RESIN;SEASHELLS;9997;11
1200;;;SQUID_INK;SEASHELLS;1837;1
1200;;;KELP;SEASHELLS;2032;1
1400;;;SQUID_INK;SEASHELLS;1842;6
1400;SUBMISSION;;KELP;SEASHELLS;2033;6
1400;;SUBMISSION;RAINFOREST_RESIN;SEASHELLS;10001;1
1500;;SUBMISSION;KELP;SEASHELLS;2034;1
1800;;SUBMISSION;RAINFOREST_RESIN;SEASHELLS;10002;3
1900;;;KELP;SEASHELLS;2032;1
1900;;;SQUID_INK;SEASHELLS;1847;1
2100;SUBMISSION;;RAINFOREST_RESIN;SEASHELLS;9993;4
2500;;SUBMISSION;RAINFOREST_RESIN;SEASHELLS;10006;5
2700;;SUBMISSION;RAINFOREST_RESIN;SEASHELLS;10001;1
3000;;;SQUID_INK;SEASHELLS;1855;1
3000;;SUBMISSION;KELP;SEASHELLS;2035;1
3200;;SUBMISSION;RAINFOREST_RESIN;SEASHELLS;10003;3
3200;;;RAINFOREST_RESIN;SEASHELLS;10003;4
3400;SUBMISSION;;RAINFOREST_RESIN;SEASHELLS;9998;3
3700;SUBMISSION;;RAINFOREST_RESIN;SEASHELLS;9999;1
4000;;;KELP;SEASHELLS;2033;1
4300;SUBMISSION;;KELP;SEASHELLS;2033;2
4300;;;SQUID_INK;SEASHELLS;1854;2
4800;SUBMISSION;;RAINFOREST_RESIN;SEASHELLS;9999;1
4800;;SUBMISSION;KELP;SEASHELLS;2034;1
5200;;;SQUID_INK;SEASHELLS;1854;5
5200;;;KELP;SEASHELLS;2033;5
5200;;;SQUID_INK;SEASHELLS;1854;4
5200;SUBMISSION;;KELP;SEASHELLS;2033;4
5300;SUBMISSION;;RAINFOREST_RESIN;SEASHELLS;9993;6
5300;SUBMISSION;;RAINFOREST_RESIN;SEASHELLS;9997;12
5400;;;SQUID_INK;SEASHELLS;1856;1
5400;;SUBMISSION;KELP;SEASHELLS;2035;1
5500;SUBMISSION;;KELP;SEASHELLS;2033;8
5500;;;SQUID_INK;SEASHELLS;1854;8
6000;;SUBMISSION;RAINFOREST_RESIN;SEASHELLS;10006;7
6200;;;SQUID_INK;SEASHELLS;1855;1
6200;;SUBMISSION;KELP;SEASHELLS;2035;1
6300;;SUBMISSION;KELP;SEASHELLS;2035;11
6300;;;SQUID_INK;SEASHELLS;1858;11
6500;;SUBMISSION;RAINFOREST_RESIN;SEASHELLS;10002;3
6600;;;KELP;SEASHELLS;2033;2
6600;SUBMISSION;;KELP;SEASHELLS;2033;5
6600;SUBMISSION;;RAINFOREST_RESIN;SEASHELLS;9993;4
6600;;;SQUID_INK;SEASHELLS;1857;5
6600;;;SQUID_INK;SEASHELLS;1857;2
6700;;;SQUID_INK;SEASHELLS;1859;1
6700;;;KELP;SEASHELLS;2035;1
6800;;;KELP;SEASHELLS;2033;1
6800;SUBMISSION;;RAINFOREST_RESIN;SEASHELLS;9993;6
6800;;;SQUID_INK;SEASHELLS;1857;1
6800;;SUBMISSION;KELP;SEASHELLS;2034;4
6900;;SUBMISSION;RAINFOREST_RESIN;SEASHELLS;10006;1
6900;SUBMISSION;;RAINFOREST_RESIN;SEASHELLS;9993;6
7400;;SUBMISSION;KELP;SEASHELLS;2035;13
7400;SUBMISSION;;RAINFOREST_RESIN;SEASHELLS;9993;2
7400;;;SQUID_INK;SEASHELLS;1863;13
7500;;;SQUID_INK;SEASHELLS;1861;3
7500;SUBMISSION;;KELP;SEASHELLS;2034;3
8000;;;SQUID_INK;SEASHELLS;1863;1
8000;;SUBMISSION;KELP;SEASHELLS;2035;1
8100;;SUBMISSION;RAINFOREST_RESIN;SEASHELLS;10006;8
8200;;;SQUID_INK;SEASHELLS;1862;1
8200;SUBMISSION;;KELP;SEASHELLS;2034;1
8400;;;RAINFOREST_RESIN;SEASHELLS;10002;1
8400;SUBMISSION;;RAINFOREST_RESIN;SEASHELLS;9993;1
8400;;SUBMISSION;RAINFOREST_RESIN;SEASHELLS;10002;4
8700;;SUBMISSION;KELP;SEASHELLS;2035;1
9300;;SUBMISSION;RAINFOREST_RESIN;SEASHELLS;10003;11
9700;SUBMISSION;;KELP;SEASHELLS;2034;5
9900;;SUBMISSION;RAINFOREST_RESIN;SEASHELLS;10001;1
10100;SUBMISSION;;KELP;SEASHELLS;2034;1
10300;;;SQUID_INK;SEASHELLS;1871;1
10300;;SUBMISSION;KELP;SEASHELLS;2035;1
10400;SUBMISSION;;RAINFOREST_RESIN;SEASHELLS;9999;1
10500;;SUBMISSION;RAINFOREST_RESIN;SEASHELLS;10006;1
10600;;;KELP;SEASHELLS;2033;4
10600;;;SQUID_INK;SEASHELLS;1870;4
10800;;;KELP;SEASHELLS;2033;6
10800;SUBMISSION;;KELP;SEASHELLS;2033;6
10800;SUBMISSION;;RAINFOREST_RESIN;SEASHELLS;9993;6
10800;;;SQUID_INK;SEASHELLS;1872;6
10900;SUBMISSION;;KELP;SEASHELLS;2033;6
11700;SUBMISSION;;RAINFOREST_RESIN;SEASHELLS;9999;1
11800;;;KELP;SEASHELLS;2032;4
11800;;;SQUID_INK;SEASHELLS;1869;4
12100;SUBMISSION;;RAINFOREST_RESIN;SEASHELLS;9997;8
12100;SUBMISSION;;RAINFOREST_RESIN;SEASHELLS;9993;8
12700;;SUBMISSION;RAINFOREST_RESIN;SEASHELLS;10006;7
13100;SUBMISSION;;KELP;SEASHELLS;2033;2
13200;;SUBMISSION;KELP;SEASHELLS;2034;1
13400;;SUBMISSION;RAINFOREST_RESIN;SEASHELLS;10001;1
13900;;;SQUID_INK;SEASHELLS;1867;3
13900;SUBMISSION;;KELP;SEASHELLS;2033;3
14000;;SUBMISSION;RAINFOREST_RESIN;SEASHELLS;10003;2
14000;SUBMISSION;;KELP;SEASHELLS;2033;1
14000;;;SQUID_INK;SEASHELLS;1867;1
14000;;;RAINFOREST_RESIN;SEASHELLS;10003;4
14100;;;SQUID_INK;SEASHELLS;1867;15
14100;SUBMISSION;;KELP;SEASHELLS;2033;15
14400;;;SQUID_INK;SEASHELLS;1869;2
14400;;;KELP;SEASHELLS;2032;1
14400;SUBMISSION;;KELP;SEASHELLS;2033;2
14400;;;SQUID_INK;SEASHELLS;1869;1
14600;;;SQUID_INK;SEASHELLS;1867;1
14600;;;KELP;SEASHELLS;2033;1
14600;SUBMISSION;;KELP;SEASHELLS;2033;3
14800;SUBMISSION;;RAINFOREST_RESIN;SEASHELLS;9993;2
14900;;SUBMISSION;KELP;SEASHELLS;2034;4
15000;;;KELP;SEASHELLS;2032;1
15000;;;SQUID_INK;SEASHELLS;1868;1
15000;;SUBMISSION;RAINFOREST_RESIN;SEASHELLS;10000;4
15300;;;RAINFOREST_RESIN;SEASHELLS;10002;1
15300;;SUBMISSION;RAINFOREST_RESIN;SEASHELLS;10002;3
15500;SUBMISSION;;RAINFOREST_RESIN;SEASHELLS;9997;11
15800;;;SQUID_INK;SEASHELLS;1872;2
15800;;SUBMISSION;KELP;SEASHELLS;2035;2
15900;;;SQUID_INK;SEASHELLS;1868;3
15900;SUBMISSION;;KELP;SEASHELLS;2033;3
16100;;;SQUID_INK;SEASHELLS;1870;2
16100;SUBMISSION;;KELP;SEASHELLS;2033;2
16200;;;SQUID_INK;SEASHELLS;1870;1
16200;SUBMISSION;;KELP;SEASHELLS;2033;1
16300;SUBMISSION;;RAINFOREST_RESIN;SEASHELLS;9993;1
16400;SUBMISSION;;RAINFOREST_RESIN;SEASHELLS;9999;1
16800;;SUBMISSION;KELP;SEASHELLS;2034;2
17000;;SUBMISSION;RAINFOREST_RESIN;SEASHELLS;10001;1
17400;;SUBMISSION;KELP;SEASHELLS;2035;2
17400;;;SQUID_INK;SEASHELLS;1876;2
17400;;SUBMISSION;KELP;SEASHELLS;2035;3
17400;SUBMISSION;;RAINFOREST_RESIN;SEASHELLS;9997;11
17500;;SUBMISSION;KELP;SEASHELLS;2035;12
17500;;;SQUID_INK;SEASHELLS;1876;12
17800;;SUBMISSION;RAINFOREST_RESIN;SEASHELLS;10006;2
17900;;;SQUID_INK;SEASHELLS;1877;1
17900;;SUBMISSION;KELP;SEASHELLS;2034;2
17900;;SUBMISSION;KELP;SEASHELLS;2035;1
17900;;SUBMISSION;RAINFOREST_RESIN;SEASHELLS;10002;5
18100;;;SQUID_INK;SEASHELLS;1875;8
18100;SUBMISSION;;KELP;SEASHELLS;2034;8
18200;SUBMISSION;;KELP;SEASHELLS;2034;1
18200;;;SQUID_INK;SEASHELLS;1875;1
18400;;SUBMISSION;KELP;SEASHELLS;2035;1
18500;;;SQUID_INK;SEASHELLS;1877;1
18500;;;KELP;SEASHELLS;2033;1
18600;;;KELP;SEASHELLS;2033;9
18600;;;SQUID_INK;SEASHELLS;1877;9
19000;;SUBMISSION;RAINFOREST_RESIN;SEASHELLS;10002;3
19200;SUBMISSION;;RAINFOREST_RESIN;SEASHELLS;9998;5
19200;SUBMISSION;;RAINFOREST_RESIN;SEASHELLS;9993;6
19300;SUBMISSION;;RAINFOREST_RESIN;SEASHELLS;9997;5
19500;;;SQUID_INK;SEASHELLS;1875;14
19500;SUBMISSION;;KELP;SEASHELLS;2034;14
19500;;;RAINFOREST_RESIN;SEASHELLS;10001;1
19600;;SUBMISSION;RAINFOREST_RESIN;SEASHELLS;10006;1
19600;;;SQUID_INK;SEASHELLS;1880;11
19600;;SUBMISSION;KELP;SEASHELLS;2035;11
19700;SUBMISSION;;RAINFOREST_RESIN;SEASHELLS;9998;1
20300;;SUBMISSION;RAINFOREST_RESIN;SEASHELLS;10006;2
20400;SUBMISSION;;KELP;SEASHELLS;2034;3
20500;;;SQUID_INK;SEASHELLS;1880;1
20500;;;KELP;SEASHELLS;2033;8
20500;;;SQUID_INK;SEASHELLS;1880;7
20500;;;SQUID_INK;SEASHELLS;1881;2
20500;;;KELP;SEASHELLS;2035;2
20600;;SUBMISSION;KELP;SEASHELLS;2035;2
20600;;SUBMISSION;RAINFOREST_RESIN;SEASHELLS;10001;1
20600;;;SQUID_INK;SEASHELLS;1884;2
20700;;SUBMISSION;KELP;SEASHELLS;2035;2
20700;;;SQUID_INK;SEASHELLS;1881;2
20700;SUBMISSION;;KELP;SEASHELLS;2034;11
20800;SUBMISSION;;RAINFOREST_RESIN;SEASHELLS;9999;1
20900;;;KELP;SEASHELLS;2033;1
20900;;;SQUID_INK;SEASHELLS;1877;1
21000;;SUBMISSION;RAINFOREST_RESIN;SEASHELLS;10001;1
21100;;;SQUID_INK;SEASHELLS;1878;2
21100;SUBMISSION;;KELP;SEASHELLS;2034;2
21200;;SUBMISSION;KELP;SEASHELLS;2035;1
21200;;;SQUID_INK;SEASHELLS;1879;1
21500;SUBMISSION;;KELP;SEASHELLS;2033;5
21500;;;SQUID_INK;SEASHELLS;1876;7
21500;;;KELP;SEASHELLS;2033;2
21700;SUBMISSION;;RAINFOREST_RESIN;SEASHELLS;9993;3
21900;;;RAINFOREST_RESIN;SEASHELLS;9999;1
22100;;;SQUID_INK;SEASHELLS;1877;1
22100;;;KELP;SEASHELLS;2035;1
22100;;SUBMISSION;RAINFOREST_RESIN;SEASHELLS;10000;2
22200;SUBMISSION;;RAINFOREST_RESIN;SEASHELLS;9999;1
22500;;;SQUID_INK;SEASHELLS;1875;1
22500;;SUBMISSION;KELP;SEASHELLS;2035;1
22600;;SUBMISSION;KELP;SEASHELLS;2034;4
22600;;SUBMISSION;KELP;SEASHELLS;2035;1
22700;SUBMISSION;;RAINFOREST_RESIN;SEASHELLS;9993;1
22800;;;SQUID_INK;SEASHELLS;1873;2
22800;SUBMISSION;;KELP;SEASHELLS;2033;2
22900;;;SQUID_INK;SEASHELLS;1874;1
22900;SUBMISSION;;KELP;SEASHELLS;2033;1
23000;;;RAINFOREST_RESIN;SEASHELLS;9992;2
23000;;SUBMISSION;KELP;SEASHELLS;2035;1
23000;;;SQUID_INK;SEASHELLS;1878;1
23100;;;RAINFOREST_RESIN;SEASHELLS;9992;1
23200;;;SQUID_INK;SEASHELLS;1876;1
23200;;;KELP;SEASHELLS;2033;1
23300;;;RAINFOREST_RESIN;SEASHELLS;9992;7
23400;;;KELP;SEASHELLS;2033;1
23400;SUBMISSION;;KELP;SEASHELLS;2033;13
23400;;;SQUID_INK;SEASHELLS;1879;15
23400;;SUBMISSION;RAINFOREST_RESIN;SEASHELLS;10002;3
23500;;SUBMISSION;RAINFOREST_RESIN;SEASHELLS;10002;5
23600;;;SQUID_INK;SEASHELLS;1878;1
23700;;SUBMISSION;KELP;SEASHELLS;2034;1
23700;;SUBMISSION;RAINFOREST_RESIN;SEASHELLS;10001;1
23900;SUBMISSION;;RAINFOREST_RESIN;SEASHELLS;9999;1
24000;SUBMISSION;;RAINFOREST_RESIN;SEASHELLS;9993;1
24000;;SUBMISSION;RAINFOREST_RESIN;SEASHELLS;10001;1
24300;;;KELP;SEASHELLS;2032;1
24300;;;SQUID_INK;SEASHELLS;1875;1
24500;SUBMISSION;;KELP;SEASHELLS;2033;1
24500;;;SQUID_INK;SEASHELLS;1876;9
25000;;SUBMISSION;RAINFOREST_RESIN;SEASHELLS;10001;1
25800;;SUBMISSION;RAINFOREST_RESIN;SEASHELLS;10001;1
25900;;SUBMISSION;KELP;SEASHELLS;2035;2
25900;;;SQUID_INK;SEASHELLS;1875;2
26000;SUBMISSION;;KELP;SEASHELLS;2034;2
26000;;;SQUID_INK;SEASHELLS;1874;1
26000;;SUBMISSION;KELP;SEASHELLS;2035;1
26100;;SUBMISSION;KELP;SEASHELLS;2035;1
26300;;SUBMISSION;RAINFOREST_RESIN;SEASHELLS;10002;5
26300;;;KELP;SEASHELLS;2033;1
26300;;;SQUID_INK;SEASHELLS;1869;1
26400;SUBMISSION;;RAINFOREST_RESIN;SEASHELLS;9993;8
26700;;SUBMISSION;KELP;SEASHELLS;2035;1
26700;;;SQUID_INK;SEASHELLS;1872;1
27100;;SUBMISSION;KELP;SEASHELLS;2035;1
27100;;;SQUID_INK;SEASHELLS;1876;1
27200;;;SQUID_INK;SEASHELLS;1874;1
27200;;SUBMISSION;KELP;SEASHELLS;2035;1
27300;;;SQUID_INK;SEASHELLS;1872;1
27300;;;KELP;SEASHELLS;2033;1
27300;;SUBMISSION;RAINFOREST_RESIN;SEASHELLS;10001;1
27400;SUBMISSION;;RAINFOREST_RESIN;SEASHELLS;9997;8
27400;;SUBMISSION;KELP;SEASHELLS;2034;6
27500;;;RAINFOREST_RESIN;SEASHELLS;9998;3
27600;;SUBMISSION;KELP;SEASHELLS;2036;1
28100;;SUBMISSION;RAINFOREST_RESIN;SEASHELLS;10002;5
28200;SUBMISSION;;RAINFOREST_RESIN;SEASHELLS;9993;5
28200;;;RAINFOREST_RESIN;SEASHELLS;9993;2
28300;;;RAINFOREST_RESIN;SEASHELLS;9992;2
28300;;;RAINFOREST_RESIN;SEASHELLS;9992;7
28500;;;RAINFOREST_RESIN;SEASHELLS;9992;2
28500;;;KELP;SEASHELLS;2034;1
28500;;;SQUID_INK;SEASHELLS;1875;1
28600;;;KELP;SEASHELLS;2034;1
28600;;;SQUID_INK;SEASHELLS;1877;5
28600;;;SQUID_INK;SEASHELLS;1876;1
28700;;;SQUID_INK;SEASHELLS;1877;1
28700;;;KELP;SEASHELLS;2034;1
29100;;SUBMISSION;RAINFOREST_RESIN;SEASHELLS;10002;5
29200;;SUBMISSION;RAINFOREST_RESIN;SEASHELLS;10001;1
29300;;;SQUID_INK;SEASHELLS;1881;1
29300;;;KELP;SEASHELLS;2036;1
29400;SUBMISSION;;RAINFOREST_RESIN;SEASHELLS;9993;5
29500;;;KELP;SEASHELLS;2034;1
29500;;;SQUID_INK;SEASHELLS;1880;1
29600;;;SQUID_INK;SEASHELLS;1881;4
29600;SUBMISSION;;KELP;SEASHELLS;2035;4
29700;;SUBMISSION;RAINFOREST_RESIN;SEASHELLS;10001;1
29800;;SUBMISSION;KELP;SEASHELLS;2036;1
29900;;SUBMISSION;RAINFOREST_RESIN;SEASHELLS;10006;1
29900;;SUBMISSION;KELP;SEASHELLS;2036;15
29900;;;SQUID_INK;SEASHELLS;1883;2
29900;;;SQUID_INK;SEASHELLS;1883;13
30000;SUBMISSION;;RAINFOREST_RESIN;SEASHELLS;9998;3
30400;;;SQUID_INK;SEASHELLS;1884;3
30400;;;RAINFOREST_RESIN;SEASHELLS;9992;4
30700;;SUBMISSION;RAINFOREST_RESIN;SEASHELLS;10006;4
30700;;SUBMISSION;RAINFOREST_RESIN;SEASHELLS;10000;2
31000;;SUBMISSION;KELP;SEASHELLS;2036;5
31000;;;SQUID_INK;SEASHELLS;1884;1
31000;;SUBMISSION;KELP;SEASHELLS;2036;1
31000;;SUBMISSION;KELP;SEASHELLS;2036;0
31100;;;KELP;SEASHELLS;2034;9
31100;;;SQUID_INK;SEASHELLS;1883;1
31100;;;SQUID_INK;SEASHELLS;1881;9
31100;;;KELP;SEASHELLS;2036;1
31200;;;SQUID_INK;SEASHELLS;1881;1
31200;;;KELP;SEASHELLS;2034;1
31500;SUBMISSION;;RAINFOREST_RESIN;SEASHELLS;9998;5
31800;;SUBMISSION;KELP;SEASHELLS;2036;2
32100;SUBMISSION;;KELP;SEASHELLS;2035;2
32100;;;SQUID_INK;SEASHELLS;1883;2
32500;;;SQUID_INK;SEASHELLS;1886;9
32500;;SUBMISSION;KELP;SEASHELLS;2037;9
32500;;SUBMISSION;RAINFOREST_RESIN;SEASHELLS;10001;1
32600;;SUBMISSION;RAINFOREST_RESIN;SEASHELLS;10000;5
33200;;;SQUID_INK;SEASHELLS;1885;1
33200;;;KELP;SEASHELLS;2036;1
33200;;SUBMISSION;RAINFOREST_RESIN;SEASHELLS;10006;6
33400;;SUBMISSION;RAINFOREST_RESIN;SEASHELLS;10000;2
33700;;;RAINFOREST_RESIN;SEASHELLS;10002;3
34000;;;SQUID_INK;SEASHELLS;1886;1
34000;;SUBMISSION;KELP;SEASHELLS;2036;1
34300;;;SQUID_INK;SEASHELLS;1884;1
34300;;;KELP;SEASHELLS;2034;1
34500;SUBMISSION;;RAINFOREST_RESIN;SEASHELLS;9998;3
34600;;;SQUID_INK;SEASHELLS;1888;14
34600;;SUBMISSION;KELP;SEASHELLS;2037;14
34800;;;KELP;SEASHELLS;2034;10
34800;;;SQUID_INK;SEASHELLS;1886;10
35100;SUBMISSION;;RAINFOREST_RESIN;SEASHELLS;9998;5
35200;;SUBMISSION;RAINFOREST_RESIN;SEASHELLS;10001;1
35200;SUBMISSION;;KELP;SEASHELLS;2036;3
35200;;SUBMISSION;RAINFOREST_RESIN;SEASHELLS;10006;4
35500;;SUBMISSION;RAINFOREST_RESIN;SEASHELLS;10006;1
35700;;SUBMISSION;RAINFOREST_RESIN;SEASHELLS;10002;3
35700;;SUBMISSION;KELP;SEASHELLS;2036;11
35700;;;SQUID_INK;SEASHELLS;1886;11
35900;;SUBMISSION;RAINFOREST_RESIN;SEASHELLS;10001;1
36000;SUBMISSION;;KELP;SEASHELLS;2035;2
36000;SUBMISSION;;KELP;SEASHELLS;2036;2
36000;;;SQUID_INK;SEASHELLS;1882;2
36100;SUBMISSION;;RAINFOREST_RESIN;SEASHELLS;9999;1
36100;SUBMISSION;;KELP;SEASHELLS;2036;6
36300;SUBMISSION;;RAINFOREST_RESIN;SEASHELLS;9998;3
36400;;SUBMISSION;RAINFOREST_RESIN;SEASHELLS;10001;1
36500;;;KELP;SEASHELLS;2034;1
36500;;;SQUID_INK;SEASHELLS;1886;1
36600;;;SQUID_INK;SEASHELLS;1888;2
36600;SUBMISSION;;RAINFOREST_RESIN;SEASHELLS;9998;4
36600;SUBMISSION;;KELP;SEASHELLS;2035;2
36800;;SUBMISSION;RAINFOREST_RESIN;SEASHELLS;10006;7
37100;;SUBMISSION;KELP;SEASHELLS;2036;9
37100;;;SQUID_INK;SEASHELLS;1891;9
37100;SUBMISSION;;RAINFOREST_RESIN;SEASHELLS;9993;2
37300;SUBMISSION;;KELP;SEASHELLS;2035;4
37400;SUBMISSION;;RAINFOREST_RESIN;SEASHELLS;9993;1
37600;SUBMISSION;;KELP;SEASHELLS;2034;9
37600;;;SQUID_INK;SEASHELLS;1889;1
37600;SUBMISSION;;KELP;SEASHELLS;2035;5
37600;;;SQUID_INK;SEASHELLS;1887;9
37600;;;KELP;SEASHELLS;2036;1
37600;;SUBMISSION;RAINFOREST_RESIN;SEASHELLS;10001;1
37700;SUBMISSION;;RAINFOREST_RESIN;SEASHELLS;9993;1
37800;;SUBMISSION;KELP;SEASHELLS;2036;2
37800;;;SQUID_INK;SEASHELLS;1888;2
37800;SUBMISSION;;RAINFOREST_RESIN;SEASHELLS;9998;4
37900;;SUBMISSION;RAINFOREST_RESIN;SEASHELLS;10001;1
38100;SUBMISSION;;RAINFOREST_RESIN;SEASHELLS;9999;1
38300;;SUBMISSION;RAINFOREST_RESIN;SEASHELLS;10006;1
38400;;;SQUID_INK;SEASHELLS;1882;4
38400;SUBMISSION;;KELP;SEASHELLS;2034;4
38500;SUBMISSION;;RAINFOREST_RESIN;SEASHELLS;9993;7
38700;;;SQUID_INK;SEASHELLS;1884;1
38700;;;KELP;SEASHELLS;2034;1
39000;SUBMISSION;;KELP;SEASHELLS;2034;3
39100;;;SQUID_INK;SEASHELLS;1890;1
39100;;SUBMISSION;KELP;SEASHELLS;2036;1
39200;;;SQUID_INK;SEASHELLS;1887;2
39200;;;SQUID_INK;SEASHELLS;1888;4
39200;;;KELP;SEASHELLS;2034;2
39300;SUBMISSION;;RAINFOREST_RESIN;SEASHELLS;9993;4
39300;;;RAINFOREST_RESIN;SEASHELLS;9993;1
39500;;;RAINFOREST_RESIN;SEASHELLS;9992;6
39600;;SUBMISSION;RAINFOREST_RESIN;SEASHELLS;10006;2
39700;;;SQUID_INK;SEASHELLS;1889;1
39700;;;KELP;SEASHELLS;2034;1
40000;SUBMISSION;;KELP;SEASHELLS;2035;14
40000;;;SQUID_INK;SEASHELLS;1889;13
40000;;SUBMISSION;RAINFOREST_RESIN;SEASHELLS;10003;11
40000;;;SQUID_INK;SEASHELLS;1889;1
40200;;;SQUID_INK;SEASHELLS;1891;6
40200;;SUBMISSION;KELP;SEASHELLS;2036;6
40500;;;SQUID_INK;SEASHELLS;1892;13
40500;;SUBMISSION;KELP;SEASHELLS;2036;13
40700;;SUBMISSION;KELP;SEASHELLS;2036;1
40700;;;SQUID_INK;SEASHELLS;1891;1
41000;SUBMISSION;;KELP;SEASHELLS;2035;2
41000;;SUBMISSION;RAINFOREST_RESIN;SEASHELLS;10006;5
41300;;SUBMISSION;RAINFOREST_RESIN;SEASHELLS;10006;1
41400;;;SQUID_INK;SEASHELLS;1889;5
41400;;;KELP;SEASHELLS;2034;5
41700;SUBMISSION;;RAINFOREST_RESIN;SEASHELLS;9998;4
41700;;SUBMISSION;KELP;SEASHELLS;2036;2
41800;;;KELP;SEASHELLS;2034;1
41800;;;SQUID_INK;SEASHELLS;1892;1
42400;SUBMISSION;;KELP;SEASHELLS;2035;1
42400;;;SQUID_INK;SEASHELLS;1893;1
42600;;SUBMISSION;KELP;SEASHELLS;2036;1
42600;SUBMISSION;;RAINFOREST_RESIN;SEASHELLS;9998;5
42800;;;SQUID_INK;SEASHELLS;1894;2
42800;SUBMISSION;;KELP;SEASHELLS;2035;2
43300;;SUBMISSION;KELP;SEASHELLS;2036;1
43500;SUBMISSION;;RAINFOREST_RESIN;SEASHELLS;9999;1
43800;;;SQUID_INK;SEASHELLS;1896;5
43800;;SUBMISSION;KELP;SEASHELLS;2037;5
43900;;;SQUID_INK;SEASHELLS;1897;2
43900;;;KELP;SEASHELLS;2034;1
43900;;SUBMISSION;KELP;SEASHELLS;2037;2
43900;;;SQUID_INK;SEASHELLS;1894;1
44700;;;KELP;SEASHELLS;2037;1
44700;;;SQUID_INK;SEASHELLS;1900;1
44800;SUBMISSION;;RAINFOREST_RESIN;SEASHELLS;9999;1
44900;;SUBMISSION;RAINFOREST_RESIN;SEASHELLS;10001;1
45000;SUBMISSION;;KELP;SEASHELLS;2035;1
45000;;;SQUID_INK;SEASHELLS;1899;1
45200;;;SQUID_INK;SEASHELLS;1899;1
45200;;;KELP;SEASHELLS;2034;1
45300;;;KELP;SEASHELLS;2034;1
45300;;;SQUID_INK;SEASHELLS;1900;1
45400;SUBMISSION;;RAINFOREST_RESIN;SEASHELLS;9999;1
45500;;;KELP;SEASHELLS;2034;3
45500;;;SQUID_INK;SEASHELLS;1901;3
45800;SUBMISSION;;RAINFOREST_RESIN;SEASHELLS;9993;6
45800;SUBMISSION;;RAINFOREST_RESIN;SEASHELLS;9993;2
45900;;;KELP;SEASHELLS;2034;1
45900;;;SQUID_INK;SEASHELLS;1899;1
46400;;SUBMISSION;KELP;SEASHELLS;2036;1
46400;;;SQUID_INK;SEASHELLS;1900;1
46500;;SUBMISSION;KELP;SEASHELLS;2036;2
46600;;SUBMISSION;KELP;SEASHELLS;2036;1
46600;;;SQUID_INK;SEASHELLS;1898;1
46900;;;SQUID_INK;SEASHELLS;1895;10
46900;;;KELP;SEASHELLS;2034;10
47000;;SUBMISSION;RAINFOREST_RESIN;SEASHELLS;10002;3
47200;;SUBMISSION;KELP;SEASHELLS;2036;1
47200;;;SQUID_INK;SEASHELLS;1896;1
47400;;SUBMISSION;KELP;SEASHELLS;2036;5
47400;;;SQUID_INK;SEASHELLS;1894;2
47400;;SUBMISSION;RAINFOREST_RESIN;SEASHELLS;10002;4
47400;;;KELP;SEASHELLS;2036;2
47500;SUBMISSION;;KELP;SEASHELLS;2036;5
47700;SUBMISSION;;KELP;SEASHELLS;2035;10
47700;;;SQUID_INK;SEASHELLS;1893;10
47700;SUBMISSION;;KELP;SEASHELLS;2036;4
48000;SUBMISSION;;RAINFOREST_RESIN;SEASHELLS;9993;1
48100;;SUBMISSION;RAINFOREST_RESIN;SEASHELLS;10006;8
48200;;;SQUID_INK;SEASHELLS;1897;1
48200;;SUBMISSION;RAINFOREST_RESIN;SEASHELLS;10001;1
48200;;;KELP;SEASHELLS;2035;1
48300;;;SQUID_INK;SEASHELLS;1896;4
48300;SUBMISSION;;KELP;SEASHELLS;2035;4
48300;;;SQUID_INK;SEASHELLS;1896;1
48300;;SUBMISSION;RAINFOREST_RESIN;SEASHELLS;10002;5
48300;;;KELP;SEASHELLS;2035;1
48400;;SUBMISSION;RAINFOREST_RESIN;SEASHELLS;10001;1
48500;;SUBMISSION;RAINFOREST_RESIN;SEASHELLS;10001;1
48600;;SUBMISSION;RAINFOREST_RESIN;SEASHELLS;10001;1
48700;SUBMISSION;;KELP;SEASHELLS;2035;2
48900;;;SQUID_INK;SEASHELLS;1896;1
48900;;;KELP;SEASHELLS;2034;1
49200;SUBMISSION;;RAINFOREST_RESIN;SEASHELLS;9993;1
49600;SUBMISSION;;KELP;SEASHELLS;2035;3
49700;;SUBMISSION;KELP;SEASHELLS;2036;1
49800;;;SQUID_INK;SEASHELLS;1890;1
49800;;SUBMISSION;RAINFOREST_RESIN;SEASHELLS;10006;4
49800;;SUBMISSION;KELP;SEASHELLS;2037;1
49800;;;SQUID_INK;SEASHELLS;1893;1
49800;;;KELP;SEASHELLS;2034;1
50000;;SUBMISSION;RAINFOREST_RESIN;SEASHELLS;10006;6
50400;;;KELP;SEASHELLS;2035;1
50400;;;KELP;SEASHELLS;2035;2
50400;;;SQUID_INK;SEASHELLS;1890;2
50400;;;SQUID_INK;SEASHELLS;1890;1
50500;;SUBMISSION;KELP;SEASHELLS;2036;4
50600;;;SQUID_INK;SEASHELLS;1894;4
50600;;;RAINFOREST_RESIN;SEASHELLS;10002;1
50600;;SUBMISSION;RAINFOREST_RESIN;SEASHELLS;10002;3
50600;;;SQUID_INK;SEASHELLS;1895;1
50600;;;KELP;SEASHELLS;2037;1
50700;SUBMISSION;;RAINFOREST_RESIN;SEASHELLS;9999;1
50900;;;KELP;SEASHELLS;2035;1
50900;SUBMISSION;;KELP;SEASHELLS;2036;5
50900;;;SQUID_INK;SEASHELLS;1892;1
50900;;;SQUID_INK;SEASHELLS;1893;5
51400;;;KELP;SEASHELLS;2036;5
51400;;;SQUID_INK;SEASHELLS;1896;5
51500;SUBMISSION;;KELP;SEASHELLS;2035;2
51500;;SUBMISSION;KELP;SEASHELLS;2037;4
51500;;SUBMISSION;RAINFOREST_RESIN;SEASHELLS;10006;8
51500;;;SQUID_INK;SEASHELLS;1898;4
51500;;;SQUID_INK;SEASHELLS;1895;2
51600;;;SQUID_INK;SEASHELLS;1897;1
51600;;SUBMISSION;KELP;SEASHELLS;2036;3
51600;;;KELP;SEASHELLS;2036;1
52200;;SUBMISSION;RAINFOREST_RESIN;SEASHELLS;10002;3
52200;;;SQUID_INK;SEASHELLS;1897;1
52200;;;KELP;SEASHELLS;2035;1
52400;SUBMISSION;;KELP;SEASHELLS;2036;4
52400;;SUBMISSION;RAINFOREST_RESIN;SEASHELLS;10003;7
52600;;;KELP;SEASHELLS;2035;2
52600;;;SQUID_INK;SEASHELLS;1897;2
52700;;SUBMISSION;KELP;SEASHELLS;2037;1
52700;;;SQUID_INK;SEASHELLS;1899;1
52800;;SUBMISSION;KELP;SEASHELLS;2037;1
52800;;;SQUID_INK;SEASHELLS;1900;1
53200;;SUBMISSION;KELP;SEASHELLS;2037;1
53300;;;SQUID_INK;SEASHELLS;1896;8
53300;SUBMISSION;;KELP;SEASHELLS;2036;8
53400;SUBMISSION;;RAINFOREST_RESIN;SEASHELLS;9998;3
53700;SUBMISSION;;RAINFOREST_RESIN;SEASHELLS;9993;2
53700;;SUBMISSION;RAINFOREST_RESIN;SEASHELLS;10001;1
53800;;SUBMISSION;RAINFOREST_RESIN;SEASHELLS;10001;1
53900;SUBMISSION;;KELP;SEASHELLS;2036;4
54100;;;SQUID_INK;SEASHELLS;1897;2
54100;;SUBMISSION;KELP;SEASHELLS;2037;2
54200;;;KELP;SEASHELLS;2035;1
54200;;;SQUID_INK;SEASHELLS;1894;1
54200;SUBMISSION;;RAINFOREST_RESIN;SEASHELLS;9998;3
54300;SUBMISSION;;KELP;SEASHELLS;2036;2
54300;;;SQUID_INK;SEASHELLS;1894;2
54500;;SUBMISSION;RAINFOREST_RESIN;SEASHELLS;10002;5
54600;SUBMISSION;;RAINFOREST_RESIN;SEASHELLS;9993;2
54700;;SUBMISSION;KELP;SEASHELLS;2037;2
54700;;;SQUID_INK;SEASHELLS;1897;1
54800;SUBMISSION;;RAINFOREST_RESIN;SEASHELLS;9999;1
54900;;;KELP;SEASHELLS;2037;1
54900;;;SQUID_INK;SEASHELLS;1897;1
54900;;;SQUID_INK;SEASHELLS;1896;1
55200;;;KELP;SEASHELLS;2035;1
55200;;;SQUID_INK;SEASHELLS;1895;1
55300;;;KELP;SEASHELLS;2037;1
55300;;;SQUID_INK;SEASHELLS;1897;1
55900;;SUBMISSION;KELP;SEASHELLS;2036;4
56000;SUBMISSION;;RAINFOREST_RESIN;SEASHELLS;9999;1
56000;;SUBMISSION;KELP;SEASHELLS;2036;2
56100;;SUBMISSION;RAINFOREST_RESIN;SEASHELLS;10000;3
56200;SUBMISSION;;KELP;SEASHELLS;2036;4
56600;SUBMISSION;;RAINFOREST_RESIN;SEASHELLS;9998;4
56700;;;KELP;SEASHELLS;2035;2
56700;;;SQUID_INK;SEASHELLS;1897;2
56800;SUBMISSION;;RAINFOREST_RESIN;SEASHELLS;9998;3
57000;;SUBMISSION;RAINFOREST_RESIN;SEASHELLS;10007;6
57100;SUBMISSION;;RAINFOREST_RESIN;SEASHELLS;9998;5
57100;;;SQUID_INK;SEASHELLS;1900;1
57100;;SUBMISSION;KELP;SEASHELLS;2037;1
57200;SUBMISSION;;RAINFOREST_RESIN;SEASHELLS;9999;1
57300;;SUBMISSION;RAINFOREST_RESIN;SEASHELLS;10001;1
57500;;SUBMISSION;RAINFOREST_RESIN;SEASHELLS;10000;3
57600;;SUBMISSION;RAINFOREST_RESIN;SEASHELLS;10000;2
57600;;SUBMISSION;KELP;SEASHELLS;2036;5
57900;SUBMISSION;;RAINFOREST_RESIN;SEASHELLS;9999;1
57900;;;KELP;SEASHELLS;2035;2
57900;SUBMISSION;;KELP;SEASHELLS;2035;3
58000;SUBMISSION;;RAINFOREST_RESIN;SEASHELLS;9993;1
58000;;;SQUID_INK;SEASHELLS;1905;14
58000;;SUBMISSION;KELP;SEASHELLS;2037;14
58000;;SUBMISSION;RAINFOREST_RESIN;SEASHELLS;10001;1
58200;;SUBMISSION;RAINFOREST_RESIN;SEASHELLS;10001;1
58300;SUBMISSION;;RAINFOREST_RESIN;SEASHELLS;9998;5
58600;;;SQUID_INK;SEASHELLS;1903;1
58600;SUBMISSION;;KELP;SEASHELLS;2035;1
58700;SUBMISSION;;KELP;SEASHELLS;2035;4
58800;;;KELP;SEASHELLS;2036;2
58800;;;SQUID_INK;SEASHELLS;1906;2
58900;;;KELP;SEASHELLS;2037;2
58900;;SUBMISSION;KELP;SEASHELLS;2036;1
58900;;;SQUID_INK;SEASHELLS;1906;2
58900;;;SQUID_INK;SEASHELLS;1905;1
59200;;SUBMISSION;KELP;SEASHELLS;2036;9
59200;;SUBMISSION;KELP;SEASHELLS;2036;1
59700;;SUBMISSION;KELP;SEASHELLS;2037;1
59700;;;KELP;SEASHELLS;2035;1
59700;;;SQUID_INK;SEASHELLS;1899;1
59700;SUBMISSION;;KELP;SEASHELLS;2035;5
59900;;;SQUID_INK;SEASHELLS;1897;2
59900;;;KELP;SEASHELLS;2035;2
60000;SUBMISSION;;RAINFOREST_RESIN;SEASHELLS;9999;1
60200;SUBMISSION;;RAINFOREST_RESIN;SEASHELLS;9998;4
60500;SUBMISSION;;KELP;SEASHELLS;2035;2
60600;;;SQUID_INK;SEASHELLS;1897;1
60600;SUBMISSION;;RAINFOREST_RESIN;SEASHELLS;9998;4
60600;;;KELP;SEASHELLS;2034;1
60700;;SUBMISSION;KELP;SEASHELLS;2036;5
60700;;;KELP;SEASHELLS;2034;1
60700;;;SQUID_INK;SEASHELLS;1899;1
60800;;;SQUID_INK;SEASHELLS;1901;1
60900;SUBMISSION;;RAINFOREST_RESIN;SEASHELLS;9993;8
61200;;;SQUID_INK;SEASHELLS;1898;3
61200;;;KELP;SEASHELLS;2034;1
61200;;;SQUID_INK;SEASHELLS;1898;1
61200;;;KELP;SEASHELLS;2035;3
61500;;;KELP;SEASHELLS;2036;1
61600;SUBMISSION;;RAINFOREST_RESIN;SEASHELLS;9993;2
61800;SUBMISSION;;KELP;SEASHELLS;2035;1
61800;;;SQUID_INK;SEASHELLS;1899;1
61900;;;SQUID_INK;SEASHELLS;1898;9
61900;SUBMISSION;;KELP;SEASHELLS;2035;9
62300;SUBMISSION;;RAINFOREST_RESIN;SEASHELLS;9993;7
62400;SUBMISSION;;RAINFOREST_RESIN;SEASHELLS;9993;2
62500;;SUBMISSION;RAINFOREST_RESIN;SEASHELLS;10006;2
62600;;SUBMISSION;RAINFOREST_RESIN;SEASHELLS;10001;1
62700;;SUBMISSION;KELP;SEASHELLS;2036;15
62700;;;SQUID_INK;SEASHELLS;1903;15
62800;;SUBMISSION;RAINFOREST_RESIN;SEASHELLS;10002;3
62900;;SUBMISSION;RAINFOREST_RESIN;SEASHELLS;10003;11
63300;;;SQUID_INK;SEASHELLS;1906;1
63300;;SUBMISSION;KELP;SEASHELLS;2036;1
63600;;SUBMISSION;KELP;SEASHELLS;2036;1
63600;;;SQUID_INK;SEASHELLS;1901;1
63600;;SUBMISSION;RAINFOREST_RESIN;SEASHELLS;10002;5
63700;SUBMISSION;;KELP;SEASHELLS;2036;2
63700;;SUBMISSION;KELP;SEASHELLS;2036;7
63700;;;SQUID_INK;SEASHELLS;1901;5
63700;SUBMISSION;;KELP;SEASHELLS;2035;5
63700;;;KELP;SEASHELLS;2036;5
63800;SUBMISSION;;RAINFOREST_RESIN;SEASHELLS;9999;1
63900;;;SQUID_INK;SEASHELLS;1901;2
63900;SUBMISSION;;KELP;SEASHELLS;2035;2
63900;SUBMISSION;;RAINFOREST_RESIN;SEASHELLS;9998;5
64000;;;SQUID_INK;SEASHELLS;1900;1
64000;;;KELP;SEASHELLS;2034;1
64000;SUBMISSION;;RAINFOREST_RESIN;SEASHELLS;9997;10
64100;SUBMISSION;;KELP;SEASHELLS;2036;4
64100;;SUBMISSION;RAINFOREST_RESIN;SEASHELLS;10001;1
64700;;SUBMISSION;RAINFOREST_RESIN;SEASHELLS;10001;1
64800;;;SQUID_INK;SEASHELLS;1898;1
64800;;;KELP;SEASHELLS;2034;1
65000;;SUBMISSION;KELP;SEASHELLS;2036;1
65000;;SUBMISSION;RAINFOREST_RESIN;SEASHELLS;10001;1
65200;;;SQUID_INK;SEASHELLS;1903;1
65200;;;KELP;SEASHELLS;2034;1
65300;SUBMISSION;;KELP;SEASHELLS;2036;1
65400;;;SQUID_INK;SEASHELLS;1900;2
65400;;SUBMISSION;RAINFOREST_RESIN;SEASHELLS;10001;1
65400;;;KELP;SEASHELLS;2035;1
65400;;;SQUID_INK;SEASHELLS;1900;1
65400;SUBMISSION;;KELP;SEASHELLS;2035;2
65700;;;KELP;SEASHELLS;2034;1
65700;;;SQUID_INK;SEASHELLS;1901;1
66100;;SUBMISSION;KELP;SEASHELLS;2037;1
66100;;SUBMISSION;KELP;SEASHELLS;2037;2
66100;;;SQUID_INK;SEASHELLS;1904;2
66200;;SUBMISSION;RAINFOREST_RESIN;SEASHELLS;10001;1
66200;;;SQUID_INK;SEASHELLS;1902;5
66300;SUBMISSION;;RAINFOREST_RESIN;SEASHELLS;9998;4
66300;;SUBMISSION;KELP;SEASHELLS;2037;4
66300;;;SQUID_INK;SEASHELLS;1904;4
66500;;SUBMISSION;KELP;SEASHELLS;2037;11
66500;;;SQUID_INK;SEASHELLS;1906;11
66500;;SUBMISSION;RAINFOREST_RESIN;SEASHELLS;10001;6
67200;SUBMISSION;;KELP;SEASHELLS;2036;6
67300;;SUBMISSION;RAINFOREST_RESIN;SEASHELLS;10001;1
67700;;;SQUID_INK;SEASHELLS;1897;3
67700;SUBMISSION;;KELP;SEASHELLS;2036;3
67700;;SUBMISSION;RAINFOREST_RESIN;SEASHELLS;10001;1
67700;SUBMISSION;;RAINFOREST_RESIN;SEASHELLS;9993;6
68000;;SUBMISSION;KELP;SEASHELLS;2037;1
68000;SUBMISSION;;RAINFOREST_RESIN;SEASHELLS;9993;7
68400;;SUBMISSION;RAINFOREST_RESIN;SEASHELLS;10000;5
68500;;SUBMISSION;KELP;SEASHELLS;2037;1
68500;;;SQUID_INK;SEASHELLS;1897;1
68500;SUBMISSION;;KELP;SEASHELLS;2036;5
68500;;;KELP;SEASHELLS;2037;1
68800;SUBMISSION;;KELP;SEASHELLS;2036;5
69100;;;SQUID_INK;SEASHELLS;1901;1
69100;;;KELP;SEASHELLS;2035;1
69100;;SUBMISSION;RAINFOREST_RESIN;SEASHELLS;10001;1
69200;;;RAINFOREST_RESIN;SEASHELLS;9998;4
69200;SUBMISSION;;RAINFOREST_RESIN;SEASHELLS;9998;1
69300;SUBMISSION;;RAINFOREST_RESIN;SEASHELLS;9993;6
69400;;SUBMISSION;RAINFOREST_RESIN;SEASHELLS;10002;4
69500;SUBMISSION;;RAINFOREST_RESIN;SEASHELLS;9993;1
69600;SUBMISSION;;RAINFOREST_RESIN;SEASHELLS;9993;1
69800;;;KELP;SEASHELLS;2034;1
69800;;;SQUID_INK;SEASHELLS;1897;1
69900;;SUBMISSION;RAINFOREST_RESIN;SEASHELLS;10006;1
70100;;;KELP;SEASHELLS;2034;1
70100;;;SQUID_INK;SEASHELLS;1900;1
70300;;SUBMISSION;KELP;SEASHELLS;2036;1
70300;;;SQUID_INK;SEASHELLS;1900;1
70400;;SUBMISSION;RAINFOREST_RESIN;SEASHELLS;10003;12
70500;SUBMISSION;;KELP;SEASHELLS;2035;1
70500;SUBMISSION;;KELP;SEASHELLS;2035;2
70600;;;SQUID_INK;SEASHELLS;1897;1
70600;;;KELP;SEASHELLS;2034;1
70700;;SUBMISSION;KELP;SEASHELLS;2036;1
70700;;;SQUID_INK;SEASHELLS;1902;1
70800;SUBMISSION;;RAINFOREST_RESIN;SEASHELLS;9993;1
70900;;;SQUID_INK;SEASHELLS;1897;1
70900;;;KELP;SEASHELLS;2034;1
71000;SUBMISSION;;RAINFOREST_RESIN;SEASHELLS;9997;11
71000;;;SQUID_INK;SEASHELLS;1900;1
71000;;;KELP;SEASHELLS;2036;1
71500;;SUBMISSION;RAINFOREST_RESIN;SEASHELLS;10002;4
71700;SUBMISSION;;KELP;SEASHELLS;2035;1
71700;;;SQUID_INK;SEASHELLS;1900;1
72400;;SUBMISSION;RAINFOREST_RESIN;SEASHELLS;10001;1
72500;;SUBMISSION;KELP;SEASHELLS;2035;2
72700;;SUBMISSION;RAINFOREST_RESIN;SEASHELLS;10001;1
72800;;;SQUID_INK;SEASHELLS;1900;8
72800;SUBMISSION;;KELP;SEASHELLS;2034;8
73000;;SUBMISSION;RAINFOREST_RESIN;SEASHELLS;10002;5
73400;SUBMISSION;;RAINFOREST_RESIN;SEASHELLS;9993;2
73600;SUBMISSION;;KELP;SEASHELLS;2034;2
73600;SUBMISSION;;RAINFOREST_RESIN;SEASHELLS;9999;1
73600;;;SQUID_INK;SEASHELLS;1898;2
73800;SUBMISSION;;RAINFOREST_RESIN;SEASHELLS;9998;4
73900;;;SQUID_INK;SEASHELLS;1904;2
73900;;SUBMISSION;KELP;SEASHELLS;2036;2
74000;;SUBMISSION;RAINFOREST_RESIN;SEASHELLS;10001;1
74100;;SUBMISSION;KELP;SEASHELLS;2035;3
74200;;SUBMISSION;RAINFOREST_RESIN;SEASHELLS;10001;1
74200;;;SQUID_INK;SEASHELLS;1902;2
74200;;SUBMISSION;RAINFOREST_RESIN;SEASHELLS;10006;2
74200;;;KELP;SEASHELLS;2035;2
74300;;SUBMISSION;RAINFOREST_RESIN;SEASHELLS;10006;1
74300;;;KELP;SEASHELLS;2035;1
74300;;;SQUID_INK;SEASHELLS;1902;1
74300;;;SQUID_INK;SEASHELLS;1901;1
74400;;;RAINFOREST_RESIN;SEASHELLS;10001;1
74500;;SUBMISSION;KELP;SEASHELLS;2035;1
74500;;SUBMISSION;KELP;SEASHELLS;2035;3
74500;;SUBMISSION;KELP;SEASHELLS;2035;0
74700;SUBMISSION;;RAINFOREST_RESIN;SEASHELLS;9993;5
75000;SUBMISSION;;KELP;SEASHELLS;2033;1
75000;;;SQUID_INK;SEASHELLS;1903;1
75100;;SUBMISSION;RAINFOREST_RESIN;SEASHELLS;10001;1
75300;;SUBMISSION;RAINFOREST_RESIN;SEASHELLS;10006;2
75500;;;KELP;SEASHELLS;2033;1
75500;;;SQUID_INK;SEASHELLS;1900;2
75500;SUBMISSION;;KELP;SEASHELLS;2033;1
75600;SUBMISSION;;RAINFOREST_RESIN;SEASHELLS;9997;9
75700;;SUBMISSION;RAINFOREST_RESIN;SEASHELLS;10002;4
75700;;;SQUID_INK;SEASHELLS;1902;2
75700;;SUBMISSION;KELP;SEASHELLS;2035;1
75700;SUBMISSION;;RAINFOREST_RESIN;SEASHELLS;9993;2
75700;;SUBMISSION;KELP;SEASHELLS;2035;2
75800;;SUBMISSION;KELP;SEASHELLS;2035;1
76700;;;KELP;SEASHELLS;2033;1
76700;;;SQUID_INK;SEASHELLS;1899;2
76700;;;SQUID_INK;SEASHELLS;1900;1
76700;SUBMISSION;;KELP;SEASHELLS;2034;2
76900;;;SQUID_INK;SEASHELLS;1897;1
76900;;SUBMISSION;RAINFOREST_RESIN;SEASHELLS;10006;6
76900;;;KELP;SEASHELLS;2033;1
77100;;SUBMISSION;KELP;SEASHELLS;2035;1
77300;;;KELP;SEASHELLS;2033;1
77300;;;SQUID_INK;SEASHELLS;1901;1
77400;;;KELP;SEASHELLS;2035;3
77400;;;SQUID_INK;SEASHELLS;1902;3
77600;;SUBMISSION;RAINFOREST_RESIN;SEASHELLS;10006;6
77900;;SUBMISSION;KELP;SEASHELLS;2036;1
78100;;SUBMISSION;RAINFOREST_RESIN;SEASHELLS;10000;3
78100;SUBMISSION;;KELP;SEASHELLS;2034;1
78200;;SUBMISSION;KELP;SEASHELLS;2036;1
78200;;;SQUID_INK;SEASHELLS;1901;1
78200;;SUBMISSION;RAINFOREST_RESIN;SEASHELLS;10006;5
78600;SUBMISSION;;KELP;SEASHELLS;2036;1
78700;SUBMISSION;;RAINFOREST_RESIN;SEASHELLS;9999;1
78800;;SUBMISSION;RAINFOREST_RESIN;SEASHELLS;10001;1
79100;;SUBMISSION;RAINFOREST_RESIN;SEASHELLS;10000;5
79100;;SUBMISSION;RAINFOREST_RESIN;SEASHELLS;10002;5
79100;;SUBMISSION;RAINFOREST_RESIN;SEASHELLS;10007;1
79300;SUBMISSION;;RAINFOREST_RESIN;SEASHELLS;10000;1
79400;;;SQUID_INK;SEASHELLS;1905;1
79400;;SUBMISSION;KELP;SEASHELLS;2035;1
79500;;;SQUID_INK;SEASHELLS;1902;1
79500;;;KELP;SEASHELLS;2033;1
79500;;SUBMISSION;KELP;SEASHELLS;2035;7
80000;;;KELP;SEASHELLS;2033;1
80000;;;SQUID_INK;SEASHELLS;1902;1
80100;SUBMISSION;;KELP;SEASHELLS;2034;1
80100;;;SQUID_INK;SEASHELLS;1904;1
80200;SUBMISSION;;RAINFOREST_RESIN;SEASHELLS;9993;9
80200;SUBMISSION;;RAINFOREST_RESIN;SEASHELLS;9999;1
80300;SUBMISSION;;KELP;SEASHELLS;2034;6
80300;SUBMISSION;;RAINFOREST_RESIN;SEASHELLS;9999;1
80400;;SUBMISSION;RAINFOREST_RESIN;SEASHELLS;10006;6
80500;;;KELP;SEASHELLS;2033;2
80500;;SUBMISSION;KELP;SEASHELLS;2035;1
80500;;;SQUID_INK;SEASHELLS;1902;2
80500;;;SQUID_INK;SEASHELLS;1905;1
80800;;SUBMISSION;RAINFOREST_RESIN;SEASHELLS;10002;3
80900;SUBMISSION;;RAINFOREST_RESIN;SEASHELLS;9993;8
80900;;SUBMISSION;RAINFOREST_RESIN;SEASHELLS;10002;4
81100;;SUBMISSION;RAINFOREST_RESIN;SEASHELLS;10007;7
81200;;;SQUID_INK;SEASHELLS;1904;2
81200;;SUBMISSION;KELP;SEASHELLS;2035;2
81300;;SUBMISSION;KELP;SEASHELLS;2035;1
81300;;;SQUID_INK;SEASHELLS;1902;1
81300;;;SQUID_INK;SEASHELLS;1903;2
81300;;SUBMISSION;KELP;SEASHELLS;2035;2
82000;;SUBMISSION;RAINFOREST_RESIN;SEASHELLS;10007;2
82100;SUBMISSION;;RAINFOREST_RESIN;SEASHELLS;9999;1
82300;;SUBMISSION;RAINFOREST_RESIN;SEASHELLS;10001;1
82600;;;KELP;SEASHELLS;2033;2
82600;;;SQUID_INK;SEASHELLS;1895;14
82600;SUBMISSION;;KELP;SEASHELLS;2034;5
82600;SUBMISSION;;KELP;SEASHELLS;2033;12
82700;SUBMISSION;;RAINFOREST_RESIN;SEASHELLS;9999;1
82900;SUBMISSION;;RAINFOREST_RESIN;SEASHELLS;10000;2
83400;;SUBMISSION;RAINFOREST_RESIN;SEASHELLS;10001;1
83500;;SUBMISSION;KELP;SEASHELLS;2035;1
83600;SUBMISSION;;KELP;SEASHELLS;2034;2
83600;;;SQUID_INK;SEASHELLS;1893;2
83600;SUBMISSION;;RAINFOREST_RESIN;SEASHELLS;9999;1
83700;SUBMISSION;;RAINFOREST_RESIN;SEASHELLS;9993;7
83900;;SUBMISSION;RAINFOREST_RESIN;SEASHELLS;10001;1
84000;;;KELP;SEASHELLS;2033;1
84000;;;SQUID_INK;SEASHELLS;1895;1
84100;SUBMISSION;;RAINFOREST_RESIN;SEASHELLS;9999;1
84300;;;KELP;SEASHELLS;2033;1
84300;;;SQUID_INK;SEASHELLS;1896;1
84400;;SUBMISSION;RAINFOREST_RESIN;SEASHELLS;10002;5
84900;;SUBMISSION;RAINFOREST_RESIN;SEASHELLS;10002;3
85200;SUBMISSION;;RAINFOREST_RESIN;SEASHELLS;9998;2
85500;;;SQUID_INK;SEASHELLS;1896;1
85500;;;KELP;SEASHELLS;2034;1
85800;SUBMISSION;;KELP;SEASHELLS;2033;4
85800;;;SQUID_INK;SEASHELLS;1897;2
85900;SUBMISSION;;RAINFOREST_RESIN;SEASHELLS;9997;9
86000;SUBMISSION;;RAINFOREST_RESIN;SEASHELLS;9993;6
86000;;;SQUID_INK;SEASHELLS;1899;1
86000;;SUBMISSION;KELP;SEASHELLS;2034;4
86000;;;KELP;SEASHELLS;2034;1
86000;SUBMISSION;;RAINFOREST_RESIN;SEASHELLS;9999;1
86100;;;SQUID_INK;SEASHELLS;1897;1
86100;;;KELP;SEASHELLS;2032;1
86200;SUBMISSION;;RAINFOREST_RESIN;SEASHELLS;9993;2
86200;;;KELP;SEASHELLS;2032;1
86200;;;SQUID_INK;SEASHELLS;1898;1
86600;SUBMISSION;;RAINFOREST_RESIN;SEASHELLS;9997;9
86600;;;KELP;SEASHELLS;2032;1
86600;;;SQUID_INK;SEASHELLS;1898;1
86700;;SUBMISSION;KELP;SEASHELLS;2034;3
86700;;;KELP;SEASHELLS;2034;1
86700;;;SQUID_INK;SEASHELLS;1899;1
86800;;SUBMISSION;RAINFOREST_RESIN;SEASHELLS;10002;3
86900;;;SQUID_INK;SEASHELLS;1899;1
86900;SUBMISSION;;KELP;SEASHELLS;2033;1
86900;;;KELP;SEASHELLS;2034;1
87000;;;SQUID_INK;SEASHELLS;1897;1
87000;SUBMISSION;;KELP;SEASHELLS;2033;1
87400;;;KELP;SEASHELLS;2032;1
87400;;;SQUID_INK;SEASHELLS;1897;1
87500;;SUBMISSION;RAINFOREST_RESIN;SEASHELLS;10001;1
87600;;;SQUID_INK;SEASHELLS;1898;1
87600;;SUBMISSION;KELP;SEASHELLS;2034;1
87900;;SUBMISSION;KELP;SEASHELLS;2035;1
88200;SUBMISSION;;RAINFOREST_RESIN;SEASHELLS;9993;2
88200;;;SQUID_INK;SEASHELLS;1899;1
88200;;SUBMISSION;KELP;SEASHELLS;2034;1
88300;;SUBMISSION;KELP;SEASHELLS;2034;3
88300;;SUBMISSION;KELP;SEASHELLS;2034;7
88400;;;SQUID_INK;SEASHELLS;1897;1
88400;SUBMISSION;;KELP;SEASHELLS;2034;2
88400;;;KELP;SEASHELLS;2034;1
88500;;SUBMISSION;KELP;SEASHELLS;2034;1
88500;;;SQUID_INK;SEASHELLS;1898;1
88600;SUBMISSION;;KELP;SEASHELLS;2034;2
88600;;;KELP;SEASHELLS;2032;4
88700;;SUBMISSION;RAINFOREST_RESIN;SEASHELLS;10000;4
89000;SUBMISSION;;RAINFOREST_RESIN;SEASHELLS;9998;4
89100;;;RAINFOREST_RESIN;SEASHELLS;10002;1
89100;;SUBMISSION;RAINFOREST_RESIN;SEASHELLS;10002;2
89100;;;KELP;SEASHELLS;2032;1
89100;;;SQUID_INK;SEASHELLS;1892;1
89400;SUBMISSION;;RAINFOREST_RESIN;SEASHELLS;9998;4
89600;SUBMISSION;;KELP;SEASHELLS;2032;1
89600;SUBMISSION;;KELP;SEASHELLS;2032;10
89600;;;SQUID_INK;SEASHELLS;1893;10
89600;;;SQUID_INK;SEASHELLS;1893;1
89800;;;SQUID_INK;SEASHELLS;1896;1
89800;;SUBMISSION;RAINFOREST_RESIN;SEASHELLS;10001;1
89800;;SUBMISSION;KELP;SEASHELLS;2034;1
89900;;;SQUID_INK;SEASHELLS;1897;1
89900;;SUBMISSION;KELP;SEASHELLS;2034;1
90100;SUBMISSION;;RAINFOREST_RESIN;SEASHELLS;9993;7
90200;;;SQUID_INK;SEASHELLS;1893;1
90200;;;KELP;SEASHELLS;2034;1
90300;;SUBMISSION;KELP;SEASHELLS;2034;2
90300;;;SQUID_INK;SEASHELLS;1895;2
90400;SUBMISSION;;KELP;SEASHELLS;2033;8
90400;;;SQUID_INK;SEASHELLS;1893;8
90500;;SUBMISSION;KELP;SEASHELLS;2034;1
90500;SUBMISSION;;RAINFOREST_RESIN;SEASHELLS;9999;1
90500;;;SQUID_INK;SEASHELLS;1895;1
90700;;;SQUID_INK;SEASHELLS;1893;1
90700;;SUBMISSION;KELP;SEASHELLS;2035;1
90800;SUBMISSION;;RAINFOREST_RESIN;SEASHELLS;9998;8
90800;;SUBMISSION;RAINFOREST_RESIN;SEASHELLS;10002;3
91100;;SUBMISSION;RAINFOREST_RESIN;SEASHELLS;10001;1
91600;;SUBMISSION;RAINFOREST_RESIN;SEASHELLS;10006;1
91600;;SUBMISSION;KELP;SEASHELLS;2034;3
91600;;;SQUID_INK;SEASHELLS;1886;1
91600;;;KELP;SEASHELLS;2034;1
91800;;;SQUID_INK;SEASHELLS;1886;1
91800;;SUBMISSION;KELP;SEASHELLS;2034;5
91800;;;KELP;SEASHELLS;2033;1
91900;;;SQUID_INK;SEASHELLS;1888;2
91900;;;KELP;SEASHELLS;2035;2
91900;;SUBMISSION;KELP;SEASHELLS;2035;3
92300;;;SQUID_INK;SEASHELLS;1888;1
92300;;;SQUID_INK;SEASHELLS;1891;1
92300;SUBMISSION;;RAINFOREST_RESIN;SEASHELLS;9998;1
92300;;;KELP;SEASHELLS;2033;1
92300;;SUBMISSION;KELP;SEASHELLS;2035;1
92400;;;SQUID_INK;SEASHELLS;1891;2
92400;;SUBMISSION;KELP;SEASHELLS;2035;2
92600;;;SQUID_INK;SEASHELLS;1886;1
92600;;SUBMISSION;RAINFOREST_RESIN;SEASHELLS;10006;5
92600;;;KELP;SEASHELLS;2033;1
93100;SUBMISSION;;KELP;SEASHELLS;2034;2
93100;;;SQUID_INK;SEASHELLS;1887;2
93300;SUBMISSION;;KELP;SEASHELLS;2034;6
93400;;SUBMISSION;RAINFOREST_RESIN;SEASHELLS;10006;1
93500;;SUBMISSION;KELP;SEASHELLS;2035;5
93600;;SUBMISSION;KELP;SEASHELLS;2036;1
93600;;;RAINFOREST_RESIN;SEASHELLS;9999;1
93600;;;SQUID_INK;SEASHELLS;1888;1
93600;;SUBMISSION;RAINFOREST_RESIN;SEASHELLS;10000;3
94000;SUBMISSION;;RAINFOREST_RESIN;SEASHELLS;9998;3
94100;SUBMISSION;;RAINFOREST_RESIN;SEASHELLS;9993;2
94500;;SUBMISSION;KELP;SEASHELLS;2036;15
94500;;;SQUID_INK;SEASHELLS;1893;15
94700;;;SQUID_INK;SEASHELLS;1892;1
94700;;SUBMISSION;KELP;SEASHELLS;2035;1
94800;SUBMISSION;;KELP;SEASHELLS;2034;2
94800;;;SQUID_INK;SEASHELLS;1890;2
95000;;SUBMISSION;RAINFOREST_RESIN;SEASHELLS;10006;8
95100;;SUBMISSION;RAINFOREST_RESIN;SEASHELLS;10002;3
95100;;SUBMISSION;KELP;SEASHELLS;2035;1
95100;;;SQUID_INK;SEASHELLS;1891;1
95300;;;SQUID_INK;SEASHELLS;1892;1
95300;;;KELP;SEASHELLS;2035;1
95500;SUBMISSION;;RAINFOREST_RESIN;SEASHELLS;9999;1
95600;;SUBMISSION;RAINFOREST_RESIN;SEASHELLS;10006;2
95700;;SUBMISSION;RAINFOREST_RESIN;SEASHELLS;10003;8
95700;;SUBMISSION;RAINFOREST_RESIN;SEASHELLS;10000;5
95800;;;KELP;SEASHELLS;2033;1
95800;;;SQUID_INK;SEASHELLS;1888;1
95900;;SUBMISSION;KELP;SEASHELLS;2035;1
95900;;;SQUID_INK;SEASHELLS;1890;1
95900;;SUBMISSION;RAINFOREST_RESIN;SEASHELLS;10000;5
96000;;SUBMISSION;KELP;SEASHELLS;2035;1
96000;;;SQUID_INK;SEASHELLS;1890;1
96100;SUBMISSION;;RAINFOREST_RESIN;SEASHELLS;9993;1
96100;;;SQUID_INK;SEASHELLS;1891;1
96100;;;SQUID_INK;SEASHELLS;1888;1
96100;;;KELP;SEASHELLS;2033;1
96100;;SUBMISSION;KELP;SEASHELLS;2035;2
96400;;;SQUID_INK;SEASHELLS;1889;7
96400;;;SQUID_INK;SEASHELLS;1889;3
96400;SUBMISSION;;KELP;SEASHELLS;2034;10
96600;;;SQUID_INK;SEASHELLS;1889;1
96600;;;KELP;SEASHELLS;2033;1
96600;;SUBMISSION;RAINFOREST_RESIN;SEASHELLS;10001;1
96900;;SUBMISSION;RAINFOREST_RESIN;SEASHELLS;10001;1
96900;;SUBMISSION;RAINFOREST_RESIN;SEASHELLS;10007;6
97100;;SUBMISSION;RAINFOREST_RESIN;SEASHELLS;10002;3
97100;SUBMISSION;;KELP;SEASHELLS;2035;8
97200;SUBMISSION;;KELP;SEASHELLS;2034;5
97200;;;SQUID_INK;SEASHELLS;1893;5
97300;;SUBMISSION;RAINFOREST_RESIN;SEASHELLS;10007;7
97300;;SUBMISSION;KELP;SEASHELLS;2035;1
97300;SUBMISSION;;RAINFOREST_RESIN;SEASHELLS;9993;1
97400;;SUBMISSION;RAINFOREST_RESIN;SEASHELLS;10007;2
97400;;SUBMISSION;KELP;SEASHELLS;2035;1
97600;;SUBMISSION;KELP;SEASHELLS;2034;3
97800;SUBMISSION;;RAINFOREST_RESIN;SEASHELLS;10000;4
98100;;;KELP;SEASHELLS;2033;1
98100;;;SQUID_INK;SEASHELLS;1896;1
98200;SUBMISSION;;KELP;SEASHELLS;2034;6
98200;;;SQUID_INK;SEASHELLS;1894;6
98300;SUBMISSION;;KELP;SEASHELLS;2034;3
99000;;SUBMISSION;RAINFOREST_RESIN;SEASHELLS;10002;3
99200;;;SQUID_INK;SEASHELLS;1896;2
99200;SUBMISSION;;KELP;SEASHELLS;2034;2
99200;SUBMISSION;;RAINFOREST_RESIN;SEASHELLS;9994;5
99300;;SUBMISSION;KELP;SEASHELLS;2035;1
99300;;;SQUID_INK;SEASHELLS;1897;1
99400;;SUBMISSION;RAINFOREST_RESIN;SEASHELLS;10002;4
99500;;SUBMISSION;RAINFOREST_RESIN;SEASHELLS;10007;1
99600;;SUBMISSION;KELP;SEASHELLS;2035;12
99600;;;SQUID_INK;SEASHELLS;1895;12
99600;SUBMISSION;;RAINFOREST_RESIN;SEASHELLS;9994;5
99600;SUBMISSION;;RAINFOREST_RESIN;SEASHELLS;10000;4
99700;SUBMISSION;;KELP;SEASHELLS;2034;2
99700;;;SQUID_INK;SEASHELLS;1893;2
99900;;;KELP;SEASHELLS;2033;1
99900;SUBMISSION;;RAINFOREST_RESIN;SEASHELLS;9993;4
99900;;;SQUID_INK;SEASHELLS;1892;1
100000;SUBMISSION;;RAINFOREST_RESIN;SEASHELLS;9993;8
100000;;SUBMISSION;RAINFOREST_RESIN;SEASHELLS;10007;6
100100;;SUBMISSION;RAINFOREST_RESIN;SEASHELLS;10001;1
100200;SUBMISSION;;RAINFOREST_RESIN;SEASHELLS;9993;1
100300;;;SQUID_INK;SEASHELLS;1892;1
100300;;;KELP;SEASHELLS;2033;1
100600;;;SQUID_INK;SEASHELLS;1896;14
100600;;SUBMISSION;KELP;SEASHELLS;2035;14
100900;;SUBMISSION;KELP;SEASHELLS;2035;10
100900;;;SQUID_INK;SEASHELLS;1897;10
101000;SUBMISSION;;RAINFOREST_RESIN;SEASHELLS;9998;3
101000;SUBMISSION;;RAINFOREST_RESIN;SEASHELLS;9993;8
101100;SUBMISSION;;RAINFOREST_RESIN;SEASHELLS;9993;2
101200;SUBMISSION;;RAINFOREST_RESIN;SEASHELLS;9999;1
101400;;;SQUID_INK;SEASHELLS;1897;1
101400;;SUBMISSION;KELP;SEASHELLS;2035;1
101500;;SUBMISSION;KELP;SEASHELLS;2035;5
101500;;SUBMISSION;KELP;SEASHELLS;2035;1
101500;;SUBMISSION;RAINFOREST_RESIN;SEASHELLS;10000;5
101500;;;SQUID_INK;SEASHELLS;1896;1
101900;;;KELP;SEASHELLS;2035;1
101900;;;SQUID_INK;SEASHELLS;1895;1
101900;SUBMISSION;;KELP;SEASHELLS;2034;4
102200;SUBMISSION;;RAINFOREST_RESIN;SEASHELLS;9999;1
102400;;SUBMISSION;RAINFOREST_RESIN;SEASHELLS;10002;4
102500;;;SQUID_INK;SEASHELLS;1899;1
102500;;SUBMISSION;KELP;SEASHELLS;2035;1
102500;;;KELP;SEASHELLS;2035;1
102600;;;SQUID_INK;SEASHELLS;1898;3
102700;;SUBMISSION;RAINFOREST_RESIN;SEASHELLS;10002;5
102900;;SUBMISSION;RAINFOREST_RESIN;SEASHELLS;10002;5
102900;;SUBMISSION;RAINFOREST_RESIN;SEASHELLS;10007;1
103200;;SUBMISSION;RAINFOREST_RESIN;SEASHELLS;10007;10
103400;;;KELP;SEASHELLS;2033;4
103400;;;SQUID_INK;SEASHELLS;1896;4
103400;;;SQUID_INK;SEASHELLS;1896;1
103400;;;KELP;SEASHELLS;2033;1
103400;;SUBMISSION;RAINFOREST_RESIN;SEASHELLS;10003;6
103600;;SUBMISSION;RAINFOREST_RESIN;SEASHELLS;10007;1
103900;SUBMISSION;;KELP;SEASHELLS;2034;2
103900;SUBMISSION;;RAINFOREST_RESIN;SEASHELLS;9999;1
104100;;SUBMISSION;RAINFOREST_RESIN;SEASHELLS;10001;1
104200;;SUBMISSION;KELP;SEASHELLS;2035;1
104400;;;SQUID_INK;SEASHELLS;1896;2
104400;;SUBMISSION;KELP;SEASHELLS;2035;2
104500;;;SQUID_INK;SEASHELLS;1894;2
104500;SUBMISSION;;RAINFOREST_RESIN;SEASHELLS;9994;6
104500;SUBMISSION;;KELP;SEASHELLS;2034;2
104800;;;SQUID_INK;SEASHELLS;1897;1
104800;;SUBMISSION;KELP;SEASHELLS;2035;1
104800;SUBMISSION;;RAINFOREST_RESIN;SEASHELLS;9999;1
104900;;SUBMISSION;KELP;SEASHELLS;2035;1
104900;;;SQUID_INK;SEASHELLS;1896;1
105000;;SUBMISSION;RAINFOREST_RESIN;SEASHELLS;10001;1
105200;SUBMISSION;;RAINFOREST_RESIN;SEASHELLS;9994;5
105300;;SUBMISSION;RAINFOREST_RESIN;SEASHELLS;10002;5
105400;;SUBMISSION;RAINFOREST_RESIN;SEASHELLS;10001;1
105600;;SUBMISSION;RAINFOREST_RESIN;SEASHELLS;10001;1
105800;SUBMISSION;;KELP;SEASHELLS;2034;2
105800;;;SQUID_INK;SEASHELLS;1892;2
105900;;SUBMISSION;KELP;SEASHELLS;2035;1
105900;;;RAINFOREST_RESIN;SEASHELLS;10002;5
105900;;SUBMISSION;RAINFOREST_RESIN;SEASHELLS;10003;10
105900;;;SQUID_INK;SEASHELLS;1894;1
106000;;SUBMISSION;RAINFOREST_RESIN;SEASHELLS;10007;1
106300;;;SQUID_INK;SEASHELLS;1895;4
106300;SUBMISSION;;KELP;SEASHELLS;2034;4
106400;SUBMISSION;;KELP;SEASHELLS;2034;5
106400;;;SQUID_INK;SEASHELLS;1897;3
106500;;SUBMISSION;KELP;SEASHELLS;2035;1
106500;;;SQUID_INK;SEASHELLS;1898;1
106500;SUBMISSION;;RAINFOREST_RESIN;SEASHELLS;9994;9
106500;;SUBMISSION;RAINFOREST_RESIN;SEASHELLS;10007;8
106700;SUBMISSION;;RAINFOREST_RESIN;SEASHELLS;9994;1
107000;SUBMISSION;;RAINFOREST_RESIN;SEASHELLS;9994;2
107000;;SUBMISSION;RAINFOREST_RESIN;SEASHELLS;10001;1
107300;SUBMISSION;;KELP;SEASHELLS;2034;2
107300;;;SQUID_INK;SEASHELLS;1894;2
107800;SUBMISSION;;KELP;SEASHELLS;2035;8
107900;SUBMISSION;;KELP;SEASHELLS;2035;7
108300;SUBMISSION;;RAINFOREST_RESIN;SEASHELLS;10000;4
108400;SUBMISSION;;KELP;SEASHELLS;2035;3
108700;SUBMISSION;;RAINFOREST_RESIN;SEASHELLS;9999;5
109000;SUBMISSION;;KELP;SEASHELLS;2034;13
109000;;;SQUID_INK;SEASHELLS;1892;13
109400;;SUBMISSION;KELP;SEASHELLS;2036;1
109500;;;KELP;SEASHELLS;2034;1
109500;;;SQUID_INK;SEASHELLS;1891;1
109700;SUBMISSION;;RAINFOREST_RESIN;SEASHELLS;9994;4
110100;;SUBMISSION;RAINFOREST_RESIN;SEASHELLS;10007;4
110500;SUBMISSION;;RAINFOREST_RESIN;SEASHELLS;9999;1
110900;;;SQUID_INK;SEASHELLS;1894;2
110900;;SUBMISSION;KELP;SEASHELLS;2035;1
110900;;;SQUID_INK;SEASHELLS;1893;1
110900;;SUBMISSION;KELP;SEASHELLS;2036;2
111100;;;SQUID_INK;SEASHELLS;1893;2
111100;;SUBMISSION;KELP;SEASHELLS;2036;1
111100;;;KELP;SEASHELLS;2036;1
111200;;SUBMISSION;RAINFOREST_RESIN;SEASHELLS;10003;6
111500;;;SQUID_INK;SEASHELLS;1889;1
111500;SUBMISSION;;RAINFOREST_RESIN;SEASHELLS;9999;1
111500;;;KELP;SEASHELLS;2033;1
111600;;;SQUID_INK;SEASHELLS;1890;1
111600;;;KELP;SEASHELLS;2033;1
112000;;;SQUID_INK;SEASHELLS;1892;1
112000;;SUBMISSION;KELP;SEASHELLS;2035;1
112100;;SUBMISSION;RAINFOREST_RESIN;SEASHELLS;10001;1
112200;;SUBMISSION;RAINFOREST_RESIN;SEASHELLS;10001;1
112500;;SUBMISSION;RAINFOREST_RESIN;SEASHELLS;10007;2
112900;SUBMISSION;;RAINFOREST_RESIN;SEASHELLS;9999;1
113000;;;SQUID_INK;SEASHELLS;1896;1
113000;;;KELP;SEASHELLS;2035;1
113200;;SUBMISSION;RAINFOREST_RESIN;SEASHELLS;10007;2
113300;;SUBMISSION;RAINFOREST_RESIN;SEASHELLS;10007;2
113300;SUBMISSION;;RAINFOREST_RESIN;SEASHELLS;9999;1
113400;;;KELP;SEASHELLS;2033;9
113400;;;SQUID_INK;SEASHELLS;1894;9
113700;;;SQUID_INK;SEASHELLS;1899;1
113700;;SUBMISSION;KELP;SEASHELLS;2034;1
113900;;;SQUID_INK;SEASHELLS;1898;1
113900;;SUBMISSION;KELP;SEASHELLS;2035;1
114100;SUBMISSION;;RAINFOREST_RESIN;SEASHELLS;9999;1
114200;;SUBMISSION;RAINFOREST_RESIN;SEASHELLS;10001;1
114400;;SUBMISSION;RAINFOREST_RESIN;SEASHELLS;10001;1
114400;;SUBMISSION;RAINFOREST_RESIN;SEASHELLS;10007;2
114400;SUBMISSION;;RAINFOREST_RESIN;SEASHELLS;9994;7
114700;;SUBMISSION;RAINFOREST_RESIN;SEASHELLS;10007;9
115000;;SUBMISSION;RAINFOREST_RESIN;SEASHELLS;10001;1
115100;;;KELP;SEASHELLS;2033;1
115200;SUBMISSION;;RAINFOREST_RESIN;SEASHELLS;9994;4
115200;SUBMISSION;;RAINFOREST_RESIN;SEASHELLS;9999;1
115300;SUBMISSION;;RAINFOREST_RESIN;SEASHELLS;9997;7
115300;SUBMISSION;;KELP;SEASHELLS;2034;11
115300;;;SQUID_INK;SEASHELLS;1896;11
115400;;SUBMISSION;KELP;SEASHELLS;2035;1
115500;;SUBMISSION;RAINFOREST_RESIN;SEASHELLS;10002;4
115500;;;KELP;SEASHELLS;2033;1
115500;;;SQUID_INK;SEASHELLS;1895;1
115900;SUBMISSION;;KELP;SEASHELLS;2034;4
115900;;SUBMISSION;KELP;SEASHELLS;2035;2
115900;;;SQUID_INK;SEASHELLS;1898;2
116100;;;KELP;SEASHELLS;2035;2
116100;;SUBMISSION;KELP;SEASHELLS;2035;7
116100;;SUBMISSION;RAINFOREST_RESIN;SEASHELLS;10001;1
116100;;;SQUID_INK;SEASHELLS;1897;2
116400;;SUBMISSION;KELP;SEASHELLS;2035;10
116800;;SUBMISSION;RAINFOREST_RESIN;SEASHELLS;10002;5
117000;;SUBMISSION;RAINFOREST_RESIN;SEASHELLS;10002;3
117100;SUBMISSION;;KELP;SEASHELLS;2034;2
117500;;;SQUID_INK;SEASHELLS;1901;1
117500;;;KELP;SEASHELLS;2032;1
117900;;SUBMISSION;RAINFOREST_RESIN;SEASHELLS;10001;1
118200;;;KELP;SEASHELLS;2033;1
118200;SUBMISSION;;RAINFOREST_RESIN;SEASHELLS;9994;4
118200;SUBMISSION;;KELP;SEASHELLS;2033;8
118200;;;SQUID_INK;SEASHELLS;1902;1
118200;;;SQUID_INK;SEASHELLS;1902;8
118300;SUBMISSION;;KELP;SEASHELLS;2033;1
118300;;;SQUID_INK;SEASHELLS;1902;1
118400;;SUBMISSION;KELP;SEASHELLS;2035;1
118500;SUBMISSION;;RAINFOREST_RESIN;SEASHELLS;9997;7
118800;SUBMISSION;;RAINFOREST_RESIN;SEASHELLS;9994;4
119000;;SUBMISSION;RAINFOREST_RESIN;SEASHELLS;10001;1
119200;;SUBMISSION;KELP;SEASHELLS;2032;5
119600;;SUBMISSION;KELP;SEASHELLS;2034;1
119600;;;KELP;SEASHELLS;2034;1
119600;;;SQUID_INK;SEASHELLS;1903;2
119800;;SUBMISSION;KELP;SEASHELLS;2033;2
120000;;;SQUID_INK;SEASHELLS;1899;1
120000;SUBMISSION;;KELP;SEASHELLS;2032;1
120600;;SUBMISSION;KELP;SEASHELLS;2033;3
120600;;;KELP;SEASHELLS;2032;1
120600;;;SQUID_INK;SEASHELLS;1898;1
120800;;;SQUID_INK;SEASHELLS;1900;1
120800;;;KELP;SEASHELLS;2032;1
121000;;SUBMISSION;RAINFOREST_RESIN;SEASHELLS;10007;2
121000;;SUBMISSION;RAINFOREST_RESIN;SEASHELLS;10002;4
121400;;;RAINFOREST_RESIN;SEASHELLS;10000;1
121400;;SUBMISSION;RAINFOREST_RESIN;SEASHELLS;10001;1
121700;SUBMISSION;;RAINFOREST_RESIN;SEASHELLS;9999;1
121800;SUBMISSION;;KELP;SEASHELLS;2033;3
121800;;;SQUID_INK;SEASHELLS;1902;3
122000;;SUBMISSION;RAINFOREST_RESIN;SEASHELLS;10002;4
122200;SUBMISSION;;RAINFOREST_RESIN;SEASHELLS;9999;1
122400;;SUBMISSION;RAINFOREST_RESIN;SEASHELLS;10003;9
122600;;;SQUID_INK;SEASHELLS;1899;1
122600;;;KELP;SEASHELLS;2032;1
123200;;SUBMISSION;KELP;SEASHELLS;2034;1
123300;;SUBMISSION;RAINFOREST_RESIN;SEASHELLS;10001;1
123400;;SUBMISSION;RAINFOREST_RESIN;SEASHELLS;10001;1
123500;;;SQUID_INK;SEASHELLS;1902;1
123500;;;KELP;SEASHELLS;2032;1
123600;SUBMISSION;;KELP;SEASHELLS;2033;2
123600;;;SQUID_INK;SEASHELLS;1903;15
123600;SUBMISSION;;KELP;SEASHELLS;2033;15
123600;;;SQUID_INK;SEASHELLS;1903;2
123700;;SUBMISSION;KELP;SEASHELLS;2034;1
123700;;;SQUID_INK;SEASHELLS;1905;1
123900;SUBMISSION;;RAINFOREST_RESIN;SEASHELLS;9994;6
124000;;SUBMISSION;KELP;SEASHELLS;2034;1
124200;;SUBMISSION;RAINFOREST_RESIN;SEASHELLS;10001;1
124300;;;KELP;SEASHELLS;2032;1
124300;;;SQUID_INK;SEASHELLS;1905;1
125000;SUBMISSION;;RAINFOREST_RESIN;SEASHELLS;9994;2
125200;SUBMISSION;;RAINFOREST_RESIN;SEASHELLS;9994;2
125400;;SUBMISSION;KELP;SEASHELLS;2034;1
125500;;;KELP;SEASHELLS;2032;1
125500;;;SQUID_INK;SEASHELLS;1900;1
125600;SUBMISSION;;RAINFOREST_RESIN;SEASHELLS;9994;2
125700;SUBMISSION;;RAINFOREST_RESIN;SEASHELLS;9999;1
125900;;;SQUID_INK;SEASHELLS;1900;3
125900;SUBMISSION;;KELP;SEASHELLS;2033;3
125900;SUBMISSION;;RAINFOREST_RESIN;SEASHELLS;10000;4
126000;;SUBMISSION;RAINFOREST_RESIN;SEASHELLS;10001;1
126100;SUBMISSION;;RAINFOREST_RESIN;SEASHELLS;9999;1
126500;;SUBMISSION;KELP;SEASHELLS;2033;3
126500;;;SQUID_INK;SEASHELLS;1902;1
126500;;SUBMISSION;KELP;SEASHELLS;2034;1
126700;;SUBMISSION;KELP;SEASHELLS;2034;1
127000;;;SQUID_INK;SEASHELLS;1901;1
127000;;;KELP;SEASHELLS;2032;1
127100;SUBMISSION;;RAINFOREST_RESIN;SEASHELLS;9998;3
127200;;;KELP;SEASHELLS;2031;1
127200;;;SQUID_INK;SEASHELLS;1898;1
127300;SUBMISSION;;RAINFOREST_RESIN;SEASHELLS;10000;3
127400;;;SQUID_INK;SEASHELLS;1899;3
127400;SUBMISSION;;KELP;SEASHELLS;2032;3
127400;SUBMISSION;;RAINFOREST_RESIN;SEASHELLS;9997;6
127400;;;SQUID_INK;SEASHELLS;1899;5
127400;;;KELP;SEASHELLS;2032;5
127500;SUBMISSION;;RAINFOREST_RESIN;SEASHELLS;9999;1
127600;;;KELP;SEASHELLS;2031;1
127600;;;SQUID_INK;SEASHELLS;1898;1
127600;;SUBMISSION;RAINFOREST_RESIN;SEASHELLS;10007;6
127900;;SUBMISSION;RAINFOREST_RESIN;SEASHELLS;10002;5
128100;;;SQUID_INK;SEASHELLS;1901;1
128100;;;KELP;SEASHELLS;2032;1
128100;SUBMISSION;;KELP;SEASHELLS;2032;3
128200;;SUBMISSION;RAINFOREST_RESIN;SEASHELLS;10007;8
128400;;;SQUID_INK;SEASHELLS;1901;1
128400;;;KELP;SEASHELLS;2033;1
128800;SUBMISSION;;KELP;SEASHELLS;2031;1
128900;SUBMISSION;;KELP;SEASHELLS;2032;14
128900;;;SQUID_INK;SEASHELLS;1900;14
129000;;;KELP;SEASHELLS;2031;1
129000;;;SQUID_INK;SEASHELLS;1900;1
129000;SUBMISSION;;RAINFOREST_RESIN;SEASHELLS;10000;2
129100;;SUBMISSION;RAINFOREST_RESIN;SEASHELLS;10002;4
129200;SUBMISSION;;KELP;SEASHELLS;2032;12
129200;;SUBMISSION;KELP;SEASHELLS;2033;1
129200;;;SQUID_INK;SEASHELLS;1901;1
129700;;;SQUID_INK;SEASHELLS;1901;2
129700;;SUBMISSION;KELP;SEASHELLS;2033;2
129700;SUBMISSION;;KELP;SEASHELLS;2032;3
129700;;;SQUID_INK;SEASHELLS;1898;3
129900;;;SQUID_INK;SEASHELLS;1899;1
129900;;;KELP;SEASHELLS;2031;1
130000;;;SQUID_INK;SEASHELLS;1900;10
130000;;;KELP;SEASHELLS;2031;10
130200;;SUBMISSION;RAINFOREST_RESIN;SEASHELLS;10007;2
130300;;SUBMISSION;KELP;SEASHELLS;2033;1
130300;;;SQUID_INK;SEASHELLS;1903;1
130500;;SUBMISSION;RAINFOREST_RESIN;SEASHELLS;10007;2
130700;SUBMISSION;;RAINFOREST_RESIN;SEASHELLS;9998;4
130800;SUBMISSION;;RAINFOREST_RESIN;SEASHELLS;9999;1
130900;SUBMISSION;;RAINFOREST_RESIN;SEASHELLS;10000;3
131000;SUBMISSION;;KELP;SEASHELLS;2032;4
131000;;;SQUID_INK;SEASHELLS;1899;9
131000;;;KELP;SEASHELLS;2032;5
131100;;;SQUID_INK;SEASHELLS;1896;1
131100;;;KELP;SEASHELLS;2031;1
131200;SUBMISSION;;RAINFOREST_RESIN;SEASHELLS;9994;1
131700;;SUBMISSION;RAINFOREST_RESIN;SEASHELLS;10002;4
131800;;;KELP;SEASHELLS;2034;1
131800;SUBMISSION;;RAINFOREST_RESIN;SEASHELLS;9999;1
131800;;;SQUID_INK;SEASHELLS;1893;1
132100;;SUBMISSION;KELP;SEASHELLS;2034;1
132200;;;SQUID_INK;SEASHELLS;1888;1
132200;;;KELP;SEASHELLS;2032;1
132200;SUBMISSION;;RAINFOREST_RESIN;SEASHELLS;9999;1
132500;;;SQUID_INK;SEASHELLS;1891;1
132500;;;KELP;SEASHELLS;2032;1
132600;;SUBMISSION;RAINFOREST_RESIN;SEASHELLS;10007;8
132800;SUBMISSION;;RAINFOREST_RESIN;SEASHELLS;9999;1
132800;;SUBMISSION;RAINFOREST_RESIN;SEASHELLS;10007;5
133000;;SUBMISSION;RAINFOREST_RESIN;SEASHELLS;10001;1
133000;;SUBMISSION;KELP;SEASHELLS;2034;1
133400;;;SQUID_INK;SEASHELLS;1891;4
133400;;;KELP;SEASHELLS;2034;1
133400;SUBMISSION;;KELP;SEASHELLS;2033;2
133400;;;SQUID_INK;SEASHELLS;1892;1
133500;;;KELP;SEASHELLS;2032;9
133500;;;SQUID_INK;SEASHELLS;1890;9
133800;;;KELP;SEASHELLS;2032;1
133800;;;SQUID_INK;SEASHELLS;1887;1
133900;SUBMISSION;;RAINFOREST_RESIN;SEASHELLS;9998;4
134000;;;SQUID_INK;SEASHELLS;1890;4
134000;;;KELP;SEASHELLS;2032;4
134000;;;SQUID_INK;SEASHELLS;1890;1
134000;;;KELP;SEASHELLS;2032;1
134100;SUBMISSION;;RAINFOREST_RESIN;SEASHELLS;9998;3
134200;;SUBMISSION;KELP;SEASHELLS;2034;1
134200;;;SQUID_INK;SEASHELLS;1891;1
134400;;;SQUID_INK;SEASHELLS;1893;2
134400;;SUBMISSION;KELP;SEASHELLS;2034;2
134400;;SUBMISSION;KELP;SEASHELLS;2034;1
134400;;;SQUID_INK;SEASHELLS;1892;1
134600;SUBMISSION;;RAINFOREST_RESIN;SEASHELLS;9999;1
134600;;SUBMISSION;KELP;SEASHELLS;2034;3
134700;SUBMISSION;;RAINFOREST_RESIN;SEASHELLS;9994;2
135200;;;SQUID_INK;SEASHELLS;1892;1
135200;;SUBMISSION;KELP;SEASHELLS;2034;1
135500;;;SQUID_INK;SEASHELLS;1891;14
135500;;SUBMISSION;KELP;SEASHELLS;2034;14
135700;SUBMISSION;;RAINFOREST_RESIN;SEASHELLS;9997;12
135800;;;SQUID_INK;SEASHELLS;1888;3
135800;;;KELP;SEASHELLS;2032;3
136000;;;SQUID_INK;SEASHELLS;1890;12
136000;;SUBMISSION;KELP;SEASHELLS;2034;12
136100;SUBMISSION;;RAINFOREST_RESIN;SEASHELLS;9997;8
136300;SUBMISSION;;RAINFOREST_RESIN;SEASHELLS;9993;7
136300;SUBMISSION;;RAINFOREST_RESIN;SEASHELLS;9993;5
136600;;;SQUID_INK;SEASHELLS;1879;1
136600;;;KELP;SEASHELLS;2032;1
136900;;;SQUID_INK;SEASHELLS;1882;2
136900;;SUBMISSION;RAINFOREST_RESIN;SEASHELLS;10007;5
136900;;;KELP;SEASHELLS;2032;1
136900;;SUBMISSION;KELP;SEASHELLS;2034;2
136900;;;SQUID_INK;SEASHELLS;1878;1
137000;;SUBMISSION;RAINFOREST_RESIN;SEASHELLS;10001;1
137100;SUBMISSION;;RAINFOREST_RESIN;SEASHELLS;9999;1
137200;;;SQUID_INK;SEASHELLS;1879;1
137200;SUBMISSION;;KELP;SEASHELLS;2033;1
137500;;SUBMISSION;KELP;SEASHELLS;2034;2
137500;SUBMISSION;;RAINFOREST_RESIN;SEASHELLS;9998;4
137500;;;SQUID_INK;SEASHELLS;1884;2
137900;;SUBMISSION;RAINFOREST_RESIN;SEASHELLS;10007;8
138100;;SUBMISSION;RAINFOREST_RESIN;SEASHELLS;10007;2
138200;;;SQUID_INK;SEASHELLS;1882;2
138200;;SUBMISSION;RAINFOREST_RESIN;SEASHELLS;10007;8
138200;SUBMISSION;;KELP;SEASHELLS;2033;2
138300;;SUBMISSION;RAINFOREST_RESIN;SEASHELLS;10001;1
138300;SUBMISSION;;KELP;SEASHELLS;2033;2
138300;;;SQUID_INK;SEASHELLS;1886;2
138500;SUBMISSION;;RAINFOREST_RESIN;SEASHELLS;9998;4
138600;;;SQUID_INK;SEASHELLS;1882;3
138600;;;KELP;SEASHELLS;2033;3
139200;;SUBMISSION;RAINFOREST_RESIN;SEASHELLS;10007;8
139200;;SUBMISSION;KELP;SEASHELLS;2035;1
139500;;;SQUID_INK;SEASHELLS;1881;1
139500;;;KELP;SEASHELLS;2032;1
139600;SUBMISSION;;RAINFOREST_RESIN;SEASHELLS;9994;8
139800;;SUBMISSION;KELP;SEASHELLS;2034;5
140000;SUBMISSION;;RAINFOREST_RESIN;SEASHELLS;9994;5
140100;;SUBMISSION;RAINFOREST_RESIN;SEASHELLS;10001;1
140100;SUBMISSION;;RAINFOREST_RESIN;SEASHELLS;9993;2
140300;;;SQUID_INK;SEASHELLS;1889;9
140300;;SUBMISSION;KELP;SEASHELLS;2035;9
140400;SUBMISSION;;RAINFOREST_RESIN;SEASHELLS;10000;2
140400;;;RAINFOREST_RESIN;SEASHELLS;10001;1
140500;;;KELP;SEASHELLS;2032;7
140500;;;SQUID_INK;SEASHELLS;1884;7
140600;;;KELP;SEASHELLS;2032;3
140800;;;KELP;SEASHELLS;2032;1
140800;;;SQUID_INK;SEASHELLS;1885;1
141300;;;SQUID_INK;SEASHELLS;1889;1
141300;;SUBMISSION;KELP;SEASHELLS;2034;1
141500;;SUBMISSION;KELP;SEASHELLS;2034;1
141600;;SUBMISSION;RAINFOREST_RESIN;SEASHELLS;10001;1
141900;SUBMISSION;;RAINFOREST_RESIN;SEASHELLS;9993;2
142000;SUBMISSION;;RAINFOREST_RESIN;SEASHELLS;9997;11
142400;;;KELP;SEASHELLS;2032;1
142400;;;SQUID_INK;SEASHELLS;1889;1
142600;;;KELP;SEASHELLS;2032;1
142600;;;SQUID_INK;SEASHELLS;1890;1
142800;;SUBMISSION;KELP;SEASHELLS;2034;1
142800;;;SQUID_INK;SEASHELLS;1890;1
143000;SUBMISSION;;KELP;SEASHELLS;2034;1
143200;;;SQUID_INK;SEASHELLS;1890;2
143200;;SUBMISSION;KELP;SEASHELLS;2034;2
143300;;;SQUID_INK;SEASHELLS;1885;11
143300;SUBMISSION;;KELP;SEASHELLS;2033;11
143500;SUBMISSION;;RAINFOREST_RESIN;SEASHELLS;9998;4
143600;;;SQUID_INK;SEASHELLS;1892;12
143600;;SUBMISSION;KELP;SEASHELLS;2034;12
143800;SUBMISSION;;KELP;SEASHELLS;2033;2
143800;;;SQUID_INK;SEASHELLS;1890;2
143800;SUBMISSION;;KELP;SEASHELLS;2034;3
143800;;SUBMISSION;RAINFOREST_RESIN;SEASHELLS;10001;1
144000;;SUBMISSION;RAINFOREST_RESIN;SEASHELLS;10007;7
144100;;SUBMISSION;RAINFOREST_RESIN;SEASHELLS;10001;1
144300;SUBMISSION;;RAINFOREST_RESIN;SEASHELLS;9997;7
144300;SUBMISSION;;KELP;SEASHELLS;2033;1
144300;;;SQUID_INK;SEASHELLS;1895;1
144300;;SUBMISSION;KELP;SEASHELLS;2034;1
144700;;SUBMISSION;RAINFOREST_RESIN;SEASHELLS;10001;1
144800;SUBMISSION;;RAINFOREST_RESIN;SEASHELLS;9999;1
145000;;SUBMISSION;RAINFOREST_RESIN;SEASHELLS;10007;2
145100;;SUBMISSION;RAINFOREST_RESIN;SEASHELLS;10007;1
145200;;SUBMISSION;KELP;SEASHELLS;2034;1
145200;;;SQUID_INK;SEASHELLS;1895;1
145500;;;SQUID_INK;SEASHELLS;1896;4
146000;;SUBMISSION;KELP;SEASHELLS;2034;8
146000;;;SQUID_INK;SEASHELLS;1897;8
146100;;;SQUID_INK;SEASHELLS;1898;15
146100;;SUBMISSION;KELP;SEASHELLS;2034;15
146200;;SUBMISSION;KELP;SEASHELLS;2034;2
146200;SUBMISSION;;RAINFOREST_RESIN;SEASHELLS;9998;5
146200;;;SQUID_INK;SEASHELLS;1898;2
146300;SUBMISSION;;KELP;SEASHELLS;2033;5
146400;;SUBMISSION;RAINFOREST_RESIN;SEASHELLS;10002;6
146500;SUBMISSION;;KELP;SEASHELLS;2032;1
146500;SUBMISSION;;RAINFOREST_RESIN;SEASHELLS;9997;9
146500;;SUBMISSION;RAINFOREST_RESIN;SEASHELLS;10007;7
146500;;;SQUID_INK;SEASHELLS;1895;1
146600;SUBMISSION;;RAINFOREST_RESIN;SEASHELLS;9993;1
146600;;;SQUID_INK;SEASHELLS;1898;5
146800;SUBMISSION;;RAINFOREST_RESIN;SEASHELLS;9997;6
146900;;;SQUID_INK;SEASHELLS;1897;9
146900;SUBMISSION;;KELP;SEASHELLS;2032;5
146900;SUBMISSION;;KELP;SEASHELLS;2032;9
147000;SUBMISSION;;KELP;SEASHELLS;2033;4
147000;SUBMISSION;;RAINFOREST_RESIN;SEASHELLS;9998;3
147100;SUBMISSION;;RAINFOREST_RESIN;SEASHELLS;9998;3
147200;;SUBMISSION;RAINFOREST_RESIN;SEASHELLS;10000;5
147300;;;KELP;SEASHELLS;2033;4
147300;;SUBMISSION;RAINFOREST_RESIN;SEASHELLS;10001;1
147300;;;SQUID_INK;SEASHELLS;1905;4
147600;;;SQUID_INK;SEASHELLS;1907;5
147600;SUBMISSION;;RAINFOREST_RESIN;SEASHELLS;9993;8
147600;;SUBMISSION;KELP;SEASHELLS;2033;5
147800;SUBMISSION;;KELP;SEASHELLS;2033;4
147800;;;SQUID_INK;SEASHELLS;1905;1
147800;;;KELP;SEASHELLS;2033;1
148000;SUBMISSION;;KELP;SEASHELLS;2033;1
148000;;;KELP;SEASHELLS;2033;1
148000;;;SQUID_INK;SEASHELLS;1903;1
148300;;;SQUID_INK;SEASHELLS;1903;1
148300;;;KELP;SEASHELLS;2033;1
148300;SUBMISSION;;RAINFOREST_RESIN;SEASHELLS;9999;1
148500;SUBMISSION;;KELP;SEASHELLS;2032;9
148500;;;SQUID_INK;SEASHELLS;1900;9
148600;;SUBMISSION;RAINFOREST_RESIN;SEASHELLS;10006;6
148700;SUBMISSION;;RAINFOREST_RESIN;SEASHELLS;9993;6
148800;;SUBMISSION;RAINFOREST_RESIN;SEASHELLS;10001;1
148800;;;SQUID_INK;SEASHELLS;1902;1
148800;;SUBMISSION;RAINFOREST_RESIN;SEASHELLS;10002;5
148900;;;SQUID_INK;SEASHELLS;1903;2
148900;;SUBMISSION;KELP;SEASHELLS;2034;2
149000;SUBMISSION;;RAINFOREST_RESIN;SEASHELLS;9998;5
149100;;SUBMISSION;KELP;SEASHELLS;2033;1
149100;;SUBMISSION;KELP;SEASHELLS;2033;3
149200;SUBMISSION;;RAINFOREST_RESIN;SEASHELLS;9999;1
149300;;;SQUID_INK;SEASHELLS;1899;2
149300;SUBMISSION;;KELP;SEASHELLS;2033;2
149600;SUBMISSION;;RAINFOREST_RESIN;SEASHELLS;9999;1
150000;;SUBMISSION;KELP;SEASHELLS;2034;5
150600;;;SQUID_INK;SEASHELLS;1903;1
150600;;SUBMISSION;RAINFOREST_RESIN;SEASHELLS;10001;1
150600;SUBMISSION;;KELP;SEASHELLS;2033;11
150600;SUBMISSION;;KELP;SEASHELLS;2033;5
150600;SUBMISSION;;KELP;SEASHELLS;2033;1
150900;SUBMISSION;;RAINFOREST_RESIN;SEASHELLS;9998;4
151000;;SUBMISSION;KELP;SEASHELLS;2034;1
151000;;SUBMISSION;RAINFOREST_RESIN;SEASHELLS;10001;1
151300;SUBMISSION;;KELP;SEASHELLS;2033;2
151400;;;SQUID_INK;SEASHELLS;1907;1
151400;;;KELP;SEASHELLS;2032;1
151500;SUBMISSION;;RAINFOREST_RESIN;SEASHELLS;9993;2
151600;;SUBMISSION;KELP;SEASHELLS;2034;1
151600;SUBMISSION;;RAINFOREST_RESIN;SEASHELLS;9999;1
151800;SUBMISSION;;RAINFOREST_RESIN;SEASHELLS;9998;5
151900;;SUBMISSION;RAINFOREST_RESIN;SEASHELLS;10001;1
152000;;;KELP;SEASHELLS;2032;1
152000;;;SQUID_INK;SEASHELLS;1910;1
152100;SUBMISSION;;RAINFOREST_RESIN;SEASHELLS;9999;1
152400;;;SQUID_INK;SEASHELLS;1915;1
152400;;SUBMISSION;KELP;SEASHELLS;2034;1
152500;;SUBMISSION;RAINFOREST_RESIN;SEASHELLS;10001;1
152600;;;SQUID_INK;SEASHELLS;1910;2
152600;SUBMISSION;;KELP;SEASHELLS;2033;2
152800;;;KELP;SEASHELLS;2032;1
152800;;;SQUID_INK;SEASHELLS;1912;1
153200;;;SQUID_INK;SEASHELLS;1914;1
153200;;;KELP;SEASHELLS;2032;1
153400;SUBMISSION;;RAINFOREST_RESIN;SEASHELLS;9999;1
153700;SUBMISSION;;KELP;SEASHELLS;2033;1
153700;;;SQUID_INK;SEASHELLS;1914;1
153900;SUBMISSION;;KELP;SEASHELLS;2033;3
154000;;SUBMISSION;KELP;SEASHELLS;2034;1
154400;;;SQUID_INK;SEASHELLS;1915;13
154400;;SUBMISSION;KELP;SEASHELLS;2034;13
154700;;;SQUID_INK;SEASHELLS;1914;1
154700;;SUBMISSION;KELP;SEASHELLS;2034;1
154800;;SUBMISSION;RAINFOREST_RESIN;SEASHELLS;10006;7
155000;SUBMISSION;;RAINFOREST_RESIN;SEASHELLS;9998;2
155000;SUBMISSION;;RAINFOREST_RESIN;SEASHELLS;9998;8
155100;;SUBMISSION;KELP;SEASHELLS;2034;2
155100;;;SQUID_INK;SEASHELLS;1910;1
155100;;;KELP;SEASHELLS;2032;1
155100;;;SQUID_INK;SEASHELLS;1913;2
155200;;;SQUID_INK;SEASHELLS;1911;6
155200;SUBMISSION;;KELP;SEASHELLS;2033;6
155300;SUBMISSION;;KELP;SEASHELLS;2033;2
155300;SUBMISSION;;KELP;SEASHELLS;2033;4
155300;;;SQUID_INK;SEASHELLS;1911;4
155700;;SUBMISSION;RAINFOREST_RESIN;SEASHELLS;10000;2
155800;;SUBMISSION;RAINFOREST_RESIN;SEASHELLS;10001;1
155900;;SUBMISSION;KELP;SEASHELLS;2034;9
155900;;SUBMISSION;KELP;SEASHELLS;2034;8
155900;;;SQUID_INK;SEASHELLS;1915;8
156000;;;KELP;SEASHELLS;2032;5
156000;;;SQUID_INK;SEASHELLS;1912;3
156000;SUBMISSION;;RAINFOREST_RESIN;SEASHELLS;9999;1
156000;;;KELP;SEASHELLS;2032;3
156000;;;SQUID_INK;SEASHELLS;1912;5
156300;;SUBMISSION;KELP;SEASHELLS;2034;1
156300;;;SQUID_INK;SEASHELLS;1914;1
156500;SUBMISSION;;RAINFOREST_RESIN;SEASHELLS;9999;1
156500;;;KELP;SEASHELLS;2031;1
156500;SUBMISSION;;KELP;SEASHELLS;2033;6
156500;;;SQUID_INK;SEASHELLS;1911;1
156600;;SUBMISSION;RAINFOREST_RESIN;SEASHELLS;10001;8
156900;;SUBMISSION;RAINFOREST_RESIN;SEASHELLS;10001;1
157100;SUBMISSION;;RAINFOREST_RESIN;SEASHELLS;9999;1
157300;SUBMISSION;;KELP;SEASHELLS;2032;3
157300;;;SQUID_INK;SEASHELLS;1912;3
157500;SUBMISSION;;RAINFOREST_RESIN;SEASHELLS;9997;12
157500;;;SQUID_INK;SEASHELLS;1914;1
157500;;SUBMISSION;KELP;SEASHELLS;2034;1
157600;;SUBMISSION;RAINFOREST_RESIN;SEASHELLS;10001;1
157600;SUBMISSION;;RAINFOREST_RESIN;SEASHELLS;9993;6
157700;;;KELP;SEASHELLS;2034;1
157700;;;SQUID_INK;SEASHELLS;1915;1
157700;;SUBMISSION;RAINFOREST_RESIN;SEASHELLS;10002;3
158100;;SUBMISSION;RAINFOREST_RESIN;SEASHELLS;10001;1
158300;SUBMISSION;;RAINFOREST_RESIN;SEASHELLS;9999;1
158400;SUBMISSION;;KELP;SEASHELLS;2032;6
158400;;;SQUID_INK;SEASHELLS;1913;6
158500;;SUBMISSION;KELP;SEASHELLS;2033;7
158500;SUBMISSION;;RAINFOREST_RESIN;SEASHELLS;9999;1
158500;;SUBMISSION;KELP;SEASHELLS;2033;1
159300;;SUBMISSION;RAINFOREST_RESIN;SEASHELLS;10006;10
159600;;;KELP;SEASHELLS;2032;1
159600;;;SQUID_INK;SEASHELLS;1911;1
159900;;;KELP;SEASHELLS;2032;5
159900;;;SQUID_INK;SEASHELLS;1909;5
160100;;SUBMISSION;RAINFOREST_RESIN;SEASHELLS;10006;1
160300;;SUBMISSION;RAINFOREST_RESIN;SEASHELLS;10002;3
160500;;;KELP;SEASHELLS;2032;8
160500;;;KELP;SEASHELLS;2034;1
160500;;;SQUID_INK;SEASHELLS;1914;1
160500;;;SQUID_INK;SEASHELLS;1912;8
160900;SUBMISSION;;RAINFOREST_RESIN;SEASHELLS;9993;4
161100;;;SQUID_INK;SEASHELLS;1912;8
161100;SUBMISSION;;KELP;SEASHELLS;2032;8
161300;;SUBMISSION;KELP;SEASHELLS;2033;2
161300;;;SQUID_INK;SEASHELLS;1917;2
161500;;SUBMISSION;KELP;SEASHELLS;2033;1
161600;;SUBMISSION;KELP;SEASHELLS;2032;5
161800;;SUBMISSION;RAINFOREST_RESIN;SEASHELLS;10000;4
161900;SUBMISSION;;RAINFOREST_RESIN;SEASHELLS;9997;11
162100;;;KELP;SEASHELLS;2031;1
162100;;;SQUID_INK;SEASHELLS;1913;1
162200;;;SQUID_INK;SEASHELLS;1915;1
162200;;;KELP;SEASHELLS;2031;1
162300;;SUBMISSION;RAINFOREST_RESIN;SEASHELLS;10001;1
162400;;;SQUID_INK;SEASHELLS;1917;3
162400;;;KELP;SEASHELLS;2031;3
162400;;SUBMISSION;RAINFOREST_RESIN;SEASHELLS;10006;2
162400;;;KELP;SEASHELLS;2031;1
162400;;;SQUID_INK;SEASHELLS;1916;1
162500;;SUBMISSION;KELP;SEASHELLS;2033;1
162600;SUBMISSION;;KELP;SEASHELLS;2031;4
162600;;;KELP;SEASHELLS;2031;1
162600;;;SQUID_INK;SEASHELLS;1915;1
163000;SUBMISSION;;KELP;SEASHELLS;2031;1
163000;;;SQUID_INK;SEASHELLS;1915;1
163200;;SUBMISSION;KELP;SEASHELLS;2032;15
163300;SUBMISSION;;RAINFOREST_RESIN;SEASHELLS;9997;12
163400;;;KELP;SEASHELLS;2030;1
163400;;;SQUID_INK;SEASHELLS;1918;1
163600;;;KELP;SEASHELLS;2032;1
163600;;;SQUID_INK;SEASHELLS;1921;1
163900;;SUBMISSION;RAINFOREST_RESIN;SEASHELLS;10001;2
163900;;SUBMISSION;KELP;SEASHELLS;2033;1
163900;;;SQUID_INK;SEASHELLS;1920;1
164100;;SUBMISSION;RAINFOREST_RESIN;SEASHELLS;10002;3
164200;;SUBMISSION;RAINFOREST_RESIN;SEASHELLS;10006;5
164400;;;KELP;SEASHELLS;2031;1
164400;;;SQUID_INK;SEASHELLS;1921;1
164400;;SUBMISSION;RAINFOREST_RESIN;SEASHELLS;10001;1
164500;;SUBMISSION;RAINFOREST_RESIN;SEASHELLS;10006;8
164600;;SUBMISSION;RAINFOREST_RESIN;SEASHELLS;10002;4
164700;;SUBMISSION;RAINFOREST_RESIN;SEASHELLS;10003;12
164900;;;SQUID_INK;SEASHELLS;1916;12
164900;SUBMISSION;;KELP;SEASHELLS;2032;12
164900;;;KELP;SEASHELLS;2031;5
165100;;SUBMISSION;RAINFOREST_RESIN;SEASHELLS;10001;1
165200;;;KELP;SEASHELLS;2031;2
165200;;;SQUID_INK;SEASHELLS;1916;1
165200;;;SQUID_INK;SEASHELLS;1916;2
165200;SUBMISSION;;KELP;SEASHELLS;2032;2
165200;;;KELP;SEASHELLS;2031;1
165200;SUBMISSION;;RAINFOREST_RESIN;SEASHELLS;9993;1
165300;SUBMISSION;;RAINFOREST_RESIN;SEASHELLS;9997;3
165300;;SUBMISSION;RAINFOREST_RESIN;SEASHELLS;10006;5
165300;;;RAINFOREST_RESIN;SEASHELLS;9997;3
165400;SUBMISSION;;KELP;SEASHELLS;2032;6
165500;;SUBMISSION;KELP;SEASHELLS;2033;3
165800;SUBMISSION;;RAINFOREST_RESIN;SEASHELLS;9993;8
165900;SUBMISSION;;RAINFOREST_RESIN;SEASHELLS;9999;1
165900;SUBMISSION;;RAINFOREST_RESIN;SEASHELLS;9993;2
165900;SUBMISSION;;KELP;SEASHELLS;2032;9
165900;;;SQUID_INK;SEASHELLS;1913;9
166100;;;KELP;SEASHELLS;2031;8
166100;;;SQUID_INK;SEASHELLS;1910;8
166200;SUBMISSION;;RAINFOREST_RESIN;SEASHELLS;9999;1
167200;;;SQUID_INK;SEASHELLS;1914;2
167200;;;KELP;SEASHELLS;2033;2
167200;;SUBMISSION;KELP;SEASHELLS;2033;7
167400;;SUBMISSION;RAINFOREST_RESIN;SEASHELLS;10001;1
167500;;SUBMISSION;RAINFOREST_RESIN;SEASHELLS;10006;1
167500;SUBMISSION;;RAINFOREST_RESIN;SEASHELLS;9998;5
167600;;;SQUID_INK;SEASHELLS;1913;1
167600;;;KELP;SEASHELLS;2031;1
167600;;SUBMISSION;KELP;SEASHELLS;2032;4
167600;;SUBMISSION;RAINFOREST_RESIN;SEASHELLS;10002;3
167700;;SUBMISSION;KELP;SEASHELLS;2033;8
167700;SUBMISSION;;RAINFOREST_RESIN;SEASHELLS;9993;4
167700;;;SQUID_INK;SEASHELLS;1917;8
168100;SUBMISSION;;RAINFOREST_RESIN;SEASHELLS;9998;3
168100;;SUBMISSION;RAINFOREST_RESIN;SEASHELLS;10006;4
168200;SUBMISSION;;KELP;SEASHELLS;2032;3
168300;SUBMISSION;;RAINFOREST_RESIN;SEASHELLS;9999;1
168400;;;SQUID_INK;SEASHELLS;1915;3
168500;;SUBMISSION;RAINFOREST_RESIN;SEASHELLS;10006;6
168500;SUBMISSION;;RAINFOREST_RESIN;SEASHELLS;9998;5
168700;;;KELP;SEASHELLS;2031;1
168700;;;SQUID_INK;SEASHELLS;1914;1
169300;;SUBMISSION;KELP;SEASHELLS;2034;3
169300;;;SQUID_INK;SEASHELLS;1917;4
169300;;;KELP;SEASHELLS;2034;1
169600;;;KELP;SEASHELLS;2031;1
169600;;;SQUID_INK;SEASHELLS;1913;1
169700;;;KELP;SEASHELLS;2032;1
169700;;;SQUID_INK;SEASHELLS;1912;1
169900;;;SQUID_INK;SEASHELLS;1913;9
169900;SUBMISSION;;KELP;SEASHELLS;2032;9
170000;SUBMISSION;;RAINFOREST_RESIN;SEASHELLS;9999;1
170200;SUBMISSION;;KELP;SEASHELLS;2032;14
170200;;;SQUID_INK;SEASHELLS;1913;14
170300;SUBMISSION;;RAINFOREST_RESIN;SEASHELLS;9998;3
170300;;;RAINFOREST_RESIN;SEASHELLS;9998;1
170400;;;KELP;SEASHELLS;2031;1
170400;;;SQUID_INK;SEASHELLS;1913;1
170500;SUBMISSION;;RAINFOREST_RESIN;SEASHELLS;9998;4
170700;;;SQUID_INK;SEASHELLS;1912;4
170700;SUBMISSION;;KELP;SEASHELLS;2032;3
170700;;;SQUID_INK;SEASHELLS;1912;3
170700;;;KELP;SEASHELLS;2032;4
170800;;;SQUID_INK;SEASHELLS;1916;13
170800;SUBMISSION;;RAINFOREST_RESIN;SEASHELLS;9993;2
170800;;SUBMISSION;KELP;SEASHELLS;2034;13
171000;;;SQUID_INK;SEASHELLS;1916;8
171000;;SUBMISSION;KELP;SEASHELLS;2034;8
171100;;SUBMISSION;RAINFOREST_RESIN;SEASHELLS;10006;7
171200;SUBMISSION;;KELP;SEASHELLS;2032;5
171200;;;KELP;SEASHELLS;2032;2
171200;;;SQUID_INK;SEASHELLS;1914;1
171200;;SUBMISSION;KELP;SEASHELLS;2034;1
171200;;;SQUID_INK;SEASHELLS;1911;7
171300;;SUBMISSION;RAINFOREST_RESIN;SEASHELLS;10001;1
171500;SUBMISSION;;RAINFOREST_RESIN;SEASHELLS;9997;6
171600;;SUBMISSION;KELP;SEASHELLS;2034;1
171700;;SUBMISSION;RAINFOREST_RESIN;SEASHELLS;10003;8
171700;;SUBMISSION;KELP;SEASHELLS;2033;3
171800;;SUBMISSION;KELP;SEASHELLS;2034;1
171800;;;SQUID_INK;SEASHELLS;1907;1
172400;;;SQUID_INK;SEASHELLS;1905;1
172400;;;KELP;SEASHELLS;2032;1
172700;;SUBMISSION;KELP;SEASHELLS;2034;1
172700;SUBMISSION;;RAINFOREST_RESIN;SEASHELLS;9993;2
172800;SUBMISSION;;RAINFOREST_RESIN;SEASHELLS;9993;2
173100;;SUBMISSION;RAINFOREST_RESIN;SEASHELLS;10002;5
173200;SUBMISSION;;RAINFOREST_RESIN;SEASHELLS;9998;5
173300;;;KELP;SEASHELLS;2032;1
173300;;;SQUID_INK;SEASHELLS;1908;1
173500;SUBMISSION;;RAINFOREST_RESIN;SEASHELLS;9998;7
174700;SUBMISSION;;RAINFOREST_RESIN;SEASHELLS;9993;7
174800;;SUBMISSION;RAINFOREST_RESIN;SEASHELLS;10001;1
175100;;SUBMISSION;RAINFOREST_RESIN;SEASHELLS;10006;5
175100;;SUBMISSION;KELP;SEASHELLS;2035;1
175300;SUBMISSION;;KELP;SEASHELLS;2034;3
175500;SUBMISSION;;KELP;SEASHELLS;2034;2
175500;;;SQUID_INK;SEASHELLS;1899;1
175500;;;KELP;SEASHELLS;2033;1
175500;;;SQUID_INK;SEASHELLS;1898;2
175600;;;SQUID_INK;SEASHELLS;1898;1
175600;;;KELP;SEASHELLS;2033;1
175700;;SUBMISSION;RAINFOREST_RESIN;SEASHELLS;10006;5
175800;SUBMISSION;;KELP;SEASHELLS;2034;14
175800;SUBMISSION;;RAINFOREST_RESIN;SEASHELLS;9993;8
175800;;;SQUID_INK;SEASHELLS;1896;14
175900;;SUBMISSION;RAINFOREST_RESIN;SEASHELLS;10002;3
175900;SUBMISSION;;KELP;SEASHELLS;2034;2
175900;;;RAINFOREST_RESIN;SEASHELLS;10002;1
176100;;SUBMISSION;RAINFOREST_RESIN;SEASHELLS;10006;6
176100;;SUBMISSION;RAINFOREST_RESIN;SEASHELLS;10001;1
176200;;SUBMISSION;KELP;SEASHELLS;2035;1
176800;;SUBMISSION;RAINFOREST_RESIN;SEASHELLS;10000;4
177200;;SUBMISSION;KELP;SEASHELLS;2035;1
177300;SUBMISSION;;RAINFOREST_RESIN;SEASHELLS;9993;2
177500;;SUBMISSION;RAINFOREST_RESIN;SEASHELLS;10006;8
177500;SUBMISSION;;RAINFOREST_RESIN;SEASHELLS;9993;2
177500;;;KELP;SEASHELLS;2033;7
177500;;;SQUID_INK;SEASHELLS;1895;7
177600;;SUBMISSION;KELP;SEASHELLS;2035;2
177600;;;KELP;SEASHELLS;2033;1
177600;;;SQUID_INK;SEASHELLS;1896;1
177700;;;KELP;SEASHELLS;2033;1
177800;;SUBMISSION;RAINFOREST_RESIN;SEASHELLS;10002;5
178000;;SUBMISSION;KELP;SEASHELLS;2034;6
178300;;;KELP;SEASHELLS;2033;7
178300;;;SQUID_INK;SEASHELLS;1895;1
178300;SUBMISSION;;RAINFOREST_RESIN;SEASHELLS;9999;1
178300;;;KELP;SEASHELLS;2033;1
178500;;;KELP;SEASHELLS;2033;1
178500;SUBMISSION;;RAINFOREST_RESIN;SEASHELLS;9999;1
178500;;;SQUID_INK;SEASHELLS;1896;1
178600;;;SQUID_INK;SEASHELLS;1897;1
178600;;SUBMISSION;KELP;SEASHELLS;2035;1
178600;;;RAINFOREST_RESIN;SEASHELLS;10002;1
178600;;SUBMISSION;RAINFOREST_RESIN;SEASHELLS;10002;4
178700;SUBMISSION;;RAINFOREST_RESIN;SEASHELLS;9993;6
178800;;SUBMISSION;KELP;SEASHELLS;2034;4
179800;;;SQUID_INK;SEASHELLS;1900;1
179800;;;KELP;SEASHELLS;2035;1
180000;;;KELP;SEASHELLS;2035;1
180000;;;SQUID_INK;SEASHELLS;1898;1
180200;;;SQUID_INK;SEASHELLS;1896;1
180200;;;KELP;SEASHELLS;2033;1
180500;;;SQUID_INK;SEASHELLS;1900;4
180500;SUBMISSION;;KELP;SEASHELLS;2034;4
180600;SUBMISSION;;KELP;SEASHELLS;2034;3
181200;;;SQUID_INK;SEASHELLS;1899;4
181200;SUBMISSION;;KELP;SEASHELLS;2034;4
181200;SUBMISSION;;RAINFOREST_RESIN;SEASHELLS;9999;1
181600;SUBMISSION;;KELP;SEASHELLS;2034;2
181600;;;SQUID_INK;SEASHELLS;1897;2
181700;;SUBMISSION;KELP;SEASHELLS;2035;1
182100;;;SQUID_INK;SEASHELLS;1902;1
182100;;;KELP;SEASHELLS;2033;1
182400;;;KELP;SEASHELLS;2035;1
182700;;SUBMISSION;RAINFOREST_RESIN;SEASHELLS;10006;10
182800;;;SQUID_INK;SEASHELLS;1904;1
182800;;;KELP;SEASHELLS;2036;1
182900;;SUBMISSION;RAINFOREST_RESIN;SEASHELLS;10006;7
183000;;SUBMISSION;KELP;SEASHELLS;2036;1
183000;;;SQUID_INK;SEASHELLS;1903;1
183500;;SUBMISSION;RAINFOREST_RESIN;SEASHELLS;10007;2
183600;;;SQUID_INK;SEASHELLS;1904;1
183600;;;KELP;SEASHELLS;2034;1
183800;;;KELP;SEASHELLS;2034;1
183800;;;SQUID_INK;SEASHELLS;1905;1
184300;;;SQUID_INK;SEASHELLS;1906;1
184300;;SUBMISSION;KELP;SEASHELLS;2036;1
184400;;SUBMISSION;RAINFOREST_RESIN;SEASHELLS;10002;6
184600;;;KELP;SEASHELLS;2034;1
184600;;;SQUID_INK;SEASHELLS;1905;1
184600;SUBMISSION;;RAINFOREST_RESIN;SEASHELLS;9999;1
184700;;;KELP;SEASHELLS;2033;1
184700;;SUBMISSION;RAINFOREST_RESIN;SEASHELLS;10002;5
184700;;;SQUID_INK;SEASHELLS;1907;1
184800;;SUBMISSION;RAINFOREST_RESIN;SEASHELLS;10002;3
185100;;SUBMISSION;KELP;SEASHELLS;2035;1
185100;;;SQUID_INK;SEASHELLS;1910;1
185200;;;KELP;SEASHELLS;2033;1
185200;;;SQUID_INK;SEASHELLS;1908;1
185300;;;SQUID_INK;SEASHELLS;1909;1
185300;SUBMISSION;;KELP;SEASHELLS;2034;2
185300;SUBMISSION;;RAINFOREST_RESIN;SEASHELLS;10000;3
185300;;SUBMISSION;KELP;SEASHELLS;2035;1
185500;;SUBMISSION;RAINFOREST_RESIN;SEASHELLS;10001;1
185500;SUBMISSION;;KELP;SEASHELLS;2034;1
185600;;;SQUID_INK;SEASHELLS;1907;5
185600;;;KELP;SEASHELLS;2034;5
185700;;SUBMISSION;KELP;SEASHELLS;2035;1
185900;;SUBMISSION;RAINFOREST_RESIN;SEASHELLS;10007;8
186300;;;SQUID_INK;SEASHELLS;1913;1
186300;;SUBMISSION;KELP;SEASHELLS;2035;1
187000;;;KELP;SEASHELLS;2033;1
187000;;;SQUID_INK;SEASHELLS;1915;2
187000;;;KELP;SEASHELLS;2033;2
187000;;;SQUID_INK;SEASHELLS;1915;1
187200;;SUBMISSION;RAINFOREST_RESIN;SEASHELLS;10001;1
187500;SUBMISSION;;KELP;SEASHELLS;2034;12
187500;;SUBMISSION;KELP;SEASHELLS;2035;1
187500;;;SQUID_INK;SEASHELLS;1917;1
188000;;;SQUID_INK;SEASHELLS;1919;9
188000;;SUBMISSION;KELP;SEASHELLS;2035;9
188100;;SUBMISSION;RAINFOREST_RESIN;SEASHELLS;10001;1
188300;;;SQUID_INK;SEASHELLS;1914;1
188300;SUBMISSION;;KELP;SEASHELLS;2034;1
188500;;;SQUID_INK;SEASHELLS;1916;1
188500;;;KELP;SEASHELLS;2035;1
188600;SUBMISSION;;RAINFOREST_RESIN;SEASHELLS;9999;1
188800;SUBMISSION;;KELP;SEASHELLS;2034;3
188800;;;SQUID_INK;SEASHELLS;1919;3
188900;;;SQUID_INK;SEASHELLS;1922;6
188900;;;KELP;SEASHELLS;2035;6
188900;;;SQUID_INK;SEASHELLS;1922;3
188900;;SUBMISSION;KELP;SEASHELLS;2035;3
189000;SUBMISSION;;KELP;SEASHELLS;2034;5
189100;;SUBMISSION;KELP;SEASHELLS;2035;3
189100;SUBMISSION;;RAINFOREST_RESIN;SEASHELLS;9994;4
189700;;;SQUID_INK;SEASHELLS;1924;1
189700;;;KELP;SEASHELLS;2033;1
189800;;SUBMISSION;KELP;SEASHELLS;2035;1
189800;;;SQUID_INK;SEASHELLS;1925;1
189900;;SUBMISSION;KELP;SEASHELLS;2035;5
189900;SUBMISSION;;RAINFOREST_RESIN;SEASHELLS;9997;9
190100;;SUBMISSION;KELP;SEASHELLS;2035;1
190300;SUBMISSION;;RAINFOREST_RESIN;SEASHELLS;9993;7
190500;;;SQUID_INK;SEASHELLS;1918;1
190500;;;KELP;SEASHELLS;2033;1
190600;;;SQUID_INK;SEASHELLS;1918;1
190600;;SUBMISSION;KELP;SEASHELLS;2035;1
190800;;;SQUID_INK;SEASHELLS;1918;1
190800;;;SQUID_INK;SEASHELLS;1919;1
190800;;;KELP;SEASHELLS;2035;1
190900;SUBMISSION;;KELP;SEASHELLS;2034;2
191000;;SUBMISSION;RAINFOREST_RESIN;SEASHELLS;10007;5
191200;;SUBMISSION;RAINFOREST_RESIN;SEASHELLS;10001;1
191300;;;KELP;SEASHELLS;2035;1
191300;;SUBMISSION;KELP;SEASHELLS;2035;4
191300;;;SQUID_INK;SEASHELLS;1915;1
191400;;SUBMISSION;KELP;SEASHELLS;2035;1
191400;;;SQUID_INK;SEASHELLS;1915;1
191400;;SUBMISSION;KELP;SEASHELLS;2034;3
191500;;SUBMISSION;RAINFOREST_RESIN;SEASHELLS;10001;1
191600;;SUBMISSION;KELP;SEASHELLS;2034;3
191800;;;SQUID_INK;SEASHELLS;1914;2
191800;SUBMISSION;;KELP;SEASHELLS;2034;2
192000;;;SQUID_INK;SEASHELLS;1918;1
192000;;;KELP;SEASHELLS;2035;1
192100;;SUBMISSION;KELP;SEASHELLS;2035;1
192100;;;SQUID_INK;SEASHELLS;1917;1
192200;SUBMISSION;;RAINFOREST_RESIN;SEASHELLS;9999;1
192400;;;SQUID_INK;SEASHELLS;1917;1
192400;;;KELP;SEASHELLS;2033;1
192600;;;KELP;SEASHELLS;2033;1
192600;;;SQUID_INK;SEASHELLS;1919;1
192700;SUBMISSION;;KELP;SEASHELLS;2034;4
192700;;SUBMISSION;RAINFOREST_RESIN;SEASHELLS;10003;7
192900;;;SQUID_INK;SEASHELLS;1919;1
192900;;SUBMISSION;KELP;SEASHELLS;2035;1
193200;;SUBMISSION;RAINFOREST_RESIN;SEASHELLS;10001;1
193400;;;SQUID_INK;SEASHELLS;1917;9
193400;;;KELP;SEASHELLS;2033;9
193500;;SUBMISSION;KELP;SEASHELLS;2035;7
193500;;;SQUID_INK;SEASHELLS;1918;7
193900;SUBMISSION;;RAINFOREST_RESIN;SEASHELLS;10000;4
194100;SUBMISSION;;RAINFOREST_RESIN;SEASHELLS;9999;1
194100;;;KELP;SEASHELLS;2033;1
194100;;;SQUID_INK;SEASHELLS;1916;1
194500;;;SQUID_INK;SEASHELLS;1916;4
194600;SUBMISSION;;RAINFOREST_RESIN;SEASHELLS;9999;1
194600;;SUBMISSION;KELP;SEASHELLS;2035;1
195100;;;SQUID_INK;SEASHELLS;1917;1
195100;;;KELP;SEASHELLS;2035;1
195100;SUBMISSION;;KELP;SEASHELLS;2034;4
195200;SUBMISSION;;RAINFOREST_RESIN;SEASHELLS;9999;1
195400;;;KELP;SEASHELLS;2034;1
195400;SUBMISSION;;RAINFOREST_RESIN;SEASHELLS;9999;1
195400;;;SQUID_INK;SEASHELLS;1918;1
195600;;SUBMISSION;RAINFOREST_RESIN;SEASHELLS;10001;1
195700;;;SQUID_INK;SEASHELLS;1920;1
195700;;SUBMISSION;KELP;SEASHELLS;2035;1
195800;SUBMISSION;;RAINFOREST_RESIN;SEASHELLS;9998;5
196300;SUBMISSION;;KELP;SEASHELLS;2034;1
196800;SUBMISSION;;KELP;SEASHELLS;2033;1
196800;;;SQUID_INK;SEASHELLS;1922;1
196900;;SUBMISSION;RAINFOREST_RESIN;SEASHELLS;10007;4
197000;;SUBMISSION;KELP;SEASHELLS;2034;3
197000;SUBMISSION;;RAINFOREST_RESIN;SEASHELLS;9999;1
197000;;SUBMISSION;KELP;SEASHELLS;2034;1
197100;;SUBMISSION;RAINFOREST_RESIN;SEASHELLS;10001;1
197400;SUBMISSION;;RAINFOREST_RESIN;SEASHELLS;9993;8
197500;;SUBMISSION;RAINFOREST_RESIN;SEASHELLS;10001;1
197700;;;KELP;SEASHELLS;2034;1
197700;SUBMISSION;;KELP;SEASHELLS;2034;2
197700;;;SQUID_INK;SEASHELLS;1922;1
198000;SUBMISSION;;KELP;SEASHELLS;2034;1
198100;;SUBMISSION;RAINFOREST_RESIN;SEASHELLS;10007;6
198400;;;KELP;SEASHELLS;2032;1
198400;;;SQUID_INK;SEASHELLS;1922;1
198500;;SUBMISSION;RAINFOREST_RESIN;SEASHELLS;10002;3
198600;;SUBMISSION;RAINFOREST_RESIN;SEASHELLS;10001;1
198700;SUBMISSION;;RAINFOREST_RESIN;SEASHELLS;9999;1
198700;;;KELP;SEASHELLS;2032;1
198700;;;SQUID_INK;SEASHELLS;1922;1
198800;;SUBMISSION;KELP;SEASHELLS;2034;2
198800;;;SQUID_INK;SEASHELLS;1925;2
198900;SUBMISSION;;RAINFOREST_RESIN;SEASHELLS;9993;5
198900;;SUBMISSION;RAINFOREST_RESIN;SEASHELLS;10007;1
199100;;;SQUID_INK;SEASHELLS;1922;1
199100;;SUBMISSION;KELP;SEASHELLS;2034;1
199200;SUBMISSION;;KELP;SEASHELLS;2034;3
199200;;;KELP;SEASHELLS;2033;1
199200;;;SQUID_INK;SEASHELLS;1922;4
199200;SUBMISSION;;RAINFOREST_RESIN;SEASHELLS;9993;5
199200;;;SQUID_INK;SEASHELLS;1922;1
199300;;;SQUID_INK;SEASHELLS;1924;1
199300;;SUBMISSION;KELP;SEASHELLS;2034;1
199400;;;SQUID_INK;SEASHELLS;1920;1
199400;;;KELP;SEASHELLS;2032;1
199500;;SUBMISSION;RAINFOREST_RESIN;SEASHELLS;10007;6
199600;;;KELP;SEASHELLS;2034;1
199600;;;SQUID_INK;SEASHELLS;1923;2
199600;;;SQUID_INK;SEASHELLS;1924;1
199600;;;KELP;SEASHELLS;2034;2
199600;SUBMISSION;;KELP;SEASHELLS;2034;1
199800;SUBMISSION;;RAINFOREST_RESIN;SEASHELLS;9993;1
199900;;;SQUID_INK;SEASHELLS;1923;4
199900;SUBMISSION;;KELP;SEASHELLS;2033;4
200100;;;KELP;SEASHELLS;2034;1
200100;;;SQUID_INK;SEASHELLS;1926;1
200200;;SUBMISSION;RAINFOREST_RESIN;SEASHELLS;10007;2
200400;;SUBMISSION;KELP;SEASHELLS;2034;1
200500;;SUBMISSION;RAINFOREST_RESIN;SEASHELLS;10001;1
200800;SUBMISSION;;RAINFOREST_RESIN;SEASHELLS;9999;1
200900;SUBMISSION;;KELP;SEASHELLS;2032;2
200900;SUBMISSION;;RAINFOREST_RESIN;SEASHELLS;9999;1
200900;;;KELP;SEASHELLS;2032;1
200900;;;SQUID_INK;SEASHELLS;1927;3
201000;;;SQUID_INK;SEASHELLS;1928;9
201000;SUBMISSION;;KELP;SEASHELLS;2033;9
201300;;SUBMISSION;RAINFOREST_RESIN;SEASHELLS;10001;1
201400;SUBMISSION;;RAINFOREST_RESIN;SEASHELLS;9997;10
202100;;SUBMISSION;KELP;SEASHELLS;2034;3
202200;;;SQUID_INK;SEASHELLS;1929;2
202200;;SUBMISSION;KELP;SEASHELLS;2034;2
202300;;SUBMISSION;RAINFOREST_RESIN;SEASHELLS;10006;1
202500;;SUBMISSION;RAINFOREST_RESIN;SEASHELLS;10001;1
202800;;;SQUID_INK;SEASHELLS;1929;1
202800;SUBMISSION;;KELP;SEASHELLS;2033;1
202900;SUBMISSION;;RAINFOREST_RESIN;SEASHELLS;9998;4
203300;;SUBMISSION;KELP;SEASHELLS;2034;1
203500;SUBMISSION;;KELP;SEASHELLS;2033;2
203500;;;SQUID_INK;SEASHELLS;1927;2
203900;SUBMISSION;;RAINFOREST_RESIN;SEASHELLS;9998;4
204000;;;SQUID_INK;SEASHELLS;1928;5
204000;;;KELP;SEASHELLS;2033;5
204000;SUBMISSION;;KELP;SEASHELLS;2033;5
204100;;SUBMISSION;KELP;SEASHELLS;2034;1
204100;;;SQUID_INK;SEASHELLS;1931;1
204400;;SUBMISSION;RAINFOREST_RESIN;SEASHELLS;10001;1
204500;SUBMISSION;;KELP;SEASHELLS;2033;11
204500;;;SQUID_INK;SEASHELLS;1933;4
204500;;SUBMISSION;KELP;SEASHELLS;2034;4
204600;;;SQUID_INK;SEASHELLS;1932;1
204600;SUBMISSION;;KELP;SEASHELLS;2033;1
205300;;SUBMISSION;KELP;SEASHELLS;2035;1
205500;;;SQUID_INK;SEASHELLS;1933;1
205500;;;SQUID_INK;SEASHELLS;1932;1
205500;;;KELP;SEASHELLS;2033;1
205500;SUBMISSION;;RAINFOREST_RESIN;SEASHELLS;9999;1
205500;;;KELP;SEASHELLS;2033;2
205500;SUBMISSION;;KELP;SEASHELLS;2034;1
205700;;SUBMISSION;RAINFOREST_RESIN;SEASHELLS;10006;6
205700;;;KELP;SEASHELLS;2033;1
205800;;SUBMISSION;KELP;SEASHELLS;2035;1
205900;;SUBMISSION;RAINFOREST_RESIN;SEASHELLS;10002;4
206100;SUBMISSION;;KELP;SEASHELLS;2033;1
206100;;;SQUID_INK;SEASHELLS;1934;1
206200;SUBMISSION;;RAINFOREST_RESIN;SEASHELLS;9998;1
206300;SUBMISSION;;RAINFOREST_RESIN;SEASHELLS;9999;1
206300;;;KELP;SEASHELLS;2035;1
206300;;;SQUID_INK;SEASHELLS;1936;1
206400;;SUBMISSION;KELP;SEASHELLS;2034;1
206500;SUBMISSION;;KELP;SEASHELLS;2033;1
206500;;;SQUID_INK;SEASHELLS;1932;1
206800;;SUBMISSION;RAINFOREST_RESIN;SEASHELLS;10000;4
206800;;;KELP;SEASHELLS;2033;4
206800;;SUBMISSION;RAINFOREST_RESIN;SEASHELLS;10002;2
206800;;;SQUID_INK;SEASHELLS;1935;4
207100;SUBMISSION;;RAINFOREST_RESIN;SEASHELLS;9999;1
207600;;;SQUID_INK;SEASHELLS;1937;4
207600;;;KELP;SEASHELLS;2035;1
207600;;;SQUID_INK;SEASHELLS;1938;1
207800;;;KELP;SEASHELLS;2033;2
207800;SUBMISSION;;KELP;SEASHELLS;2033;9
207800;;;KELP;SEASHELLS;2033;1
207800;;;SQUID_INK;SEASHELLS;1935;1
207800;;;SQUID_INK;SEASHELLS;1935;11
207900;;;KELP;SEASHELLS;2033;1
207900;;;SQUID_INK;SEASHELLS;1934;1
208000;;;SQUID_INK;SEASHELLS;1938;14
208000;;SUBMISSION;KELP;SEASHELLS;2035;14
208400;SUBMISSION;;KELP;SEASHELLS;2034;2
208400;;;SQUID_INK;SEASHELLS;1937;1
208400;;SUBMISSION;KELP;SEASHELLS;2035;1
208600;SUBMISSION;;RAINFOREST_RESIN;SEASHELLS;9998;4
208800;;SUBMISSION;RAINFOREST_RESIN;SEASHELLS;10002;3
209000;SUBMISSION;;RAINFOREST_RESIN;SEASHELLS;9993;2
209100;;SUBMISSION;KELP;SEASHELLS;2035;1
209200;;;SQUID_INK;SEASHELLS;1933;2
209200;SUBMISSION;;RAINFOREST_RESIN;SEASHELLS;9999;1
209200;;;KELP;SEASHELLS;2033;2
209600;SUBMISSION;;RAINFOREST_RESIN;SEASHELLS;9999;1
210400;SUBMISSION;;RAINFOREST_RESIN;SEASHELLS;9999;1
210700;;SUBMISSION;KELP;SEASHELLS;2035;9
210700;SUBMISSION;;RAINFOREST_RESIN;SEASHELLS;9998;4
210800;;;SQUID_INK;SEASHELLS;1921;1
210800;;;KELP;SEASHELLS;2033;1
210800;;SUBMISSION;RAINFOREST_RESIN;SEASHELLS;10001;1
210900;SUBMISSION;;RAINFOREST_RESIN;SEASHELLS;9997;10
210900;SUBMISSION;;RAINFOREST_RESIN;SEASHELLS;9993;10
211000;SUBMISSION;;RAINFOREST_RESIN;SEASHELLS;9993;2
211200;SUBMISSION;;KELP;SEASHELLS;2034;2
211600;;;SQUID_INK;SEASHELLS;1922;5
211600;;SUBMISSION;KELP;SEASHELLS;2035;5
211600;SUBMISSION;;KELP;SEASHELLS;2034;14
212000;;SUBMISSION;KELP;SEASHELLS;2034;6
212100;SUBMISSION;;RAINFOREST_RESIN;SEASHELLS;9999;1
212100;;;SQUID_INK;SEASHELLS;1924;1
212100;SUBMISSION;;RAINFOREST_RESIN;SEASHELLS;9993;6
212100;;SUBMISSION;KELP;SEASHELLS;2035;1
212200;;;KELP;SEASHELLS;2035;1
212200;;;SQUID_INK;SEASHELLS;1922;1
212300;;SUBMISSION;KELP;SEASHELLS;2034;5
212500;SUBMISSION;;RAINFOREST_RESIN;SEASHELLS;9993;7
212700;;SUBMISSION;RAINFOREST_RESIN;SEASHELLS;10001;1
213200;SUBMISSION;;RAINFOREST_RESIN;SEASHELLS;9993;1
213400;SUBMISSION;;KELP;SEASHELLS;2034;1
213400;;;KELP;SEASHELLS;2033;1
213400;;;SQUID_INK;SEASHELLS;1921;1
213500;;SUBMISSION;KELP;SEASHELLS;2035;1
213700;;;SQUID_INK;SEASHELLS;1918;1
213700;SUBMISSION;;KELP;SEASHELLS;2034;1
213800;;SUBMISSION;RAINFOREST_RESIN;SEASHELLS;10001;1
213800;;;RAINFOREST_RESIN;SEASHELLS;9992;1
213900;;;SQUID_INK;SEASHELLS;1921;1
213900;;;KELP;SEASHELLS;2033;1
214000;;;SQUID_INK;SEASHELLS;1921;1
214000;;SUBMISSION;KELP;SEASHELLS;2035;1
214400;;SUBMISSION;RAINFOREST_RESIN;SEASHELLS;10006;6
214500;;;SQUID_INK;SEASHELLS;1916;3
214500;SUBMISSION;;KELP;SEASHELLS;2034;3
214600;;SUBMISSION;KELP;SEASHELLS;2034;3
214700;SUBMISSION;;RAINFOREST_RESIN;SEASHELLS;9999;1
215100;;;SQUID_INK;SEASHELLS;1919;3
215100;SUBMISSION;;KELP;SEASHELLS;2034;3
215200;;SUBMISSION;KELP;SEASHELLS;2035;1
215200;SUBMISSION;;RAINFOREST_RESIN;SEASHELLS;9993;1
215500;;;SQUID_INK;SEASHELLS;1918;2
215500;;;SQUID_INK;SEASHELLS;1918;1
215500;SUBMISSION;;KELP;SEASHELLS;2034;2
215500;;;KELP;SEASHELLS;2033;1
215600;;;KELP;SEASHELLS;2035;3
215600;;;SQUID_INK;SEASHELLS;1919;3
215700;SUBMISSION;;KELP;SEASHELLS;2034;4
215700;;;SQUID_INK;SEASHELLS;1915;4
215800;;;KELP;SEASHELLS;2033;1
215800;;;SQUID_INK;SEASHELLS;1914;1
215900;;SUBMISSION;RAINFOREST_RESIN;SEASHELLS;10002;5
216200;;;SQUID_INK;SEASHELLS;1919;1
216200;;SUBMISSION;RAINFOREST_RESIN;SEASHELLS;10001;1
216200;;;KELP;SEASHELLS;2033;1
216500;;SUBMISSION;KELP;SEASHELLS;2035;1
216500;;;SQUID_INK;SEASHELLS;1922;1
216500;SUBMISSION;;RAINFOREST_RESIN;SEASHELLS;9999;1
216600;SUBMISSION;;RAINFOREST_RESIN;SEASHELLS;9999;1
216900;;;KELP;SEASHELLS;2034;3
216900;SUBMISSION;;KELP;SEASHELLS;2034;3
216900;;;SQUID_INK;SEASHELLS;1920;3
217100;;SUBMISSION;KELP;SEASHELLS;2035;1
217100;;;SQUID_INK;SEASHELLS;1925;1
217400;;;SQUID_INK;SEASHELLS;1928;1
217400;;;KELP;SEASHELLS;2033;1
217700;SUBMISSION;;KELP;SEASHELLS;2034;5
217700;SUBMISSION;;RAINFOREST_RESIN;SEASHELLS;9993;1
217700;;;SQUID_INK;SEASHELLS;1929;1
217700;;;KELP;SEASHELLS;2033;1
217800;;SUBMISSION;KELP;SEASHELLS;2035;4
218000;;SUBMISSION;RAINFOREST_RESIN;SEASHELLS;10001;6
218100;;;SQUID_INK;SEASHELLS;1926;1
218100;SUBMISSION;;KELP;SEASHELLS;2034;1
218400;;SUBMISSION;RAINFOREST_RESIN;SEASHELLS;10002;3
218400;;SUBMISSION;KELP;SEASHELLS;2035;1
218400;;;SQUID_INK;SEASHELLS;1927;1
218500;;SUBMISSION;RAINFOREST_RESIN;SEASHELLS;10001;1
218500;SUBMISSION;;RAINFOREST_RESIN;SEASHELLS;9993;5
218600;;SUBMISSION;RAINFOREST_RESIN;SEASHELLS;10001;1
218700;;;SQUID_INK;SEASHELLS;1926;4
218700;SUBMISSION;;KELP;SEASHELLS;2034;10
218700;;;SQUID_INK;SEASHELLS;1926;6
218800;;;KELP;SEASHELLS;2033;1
218800;;SUBMISSION;RAINFOREST_RESIN;SEASHELLS;10006;7
218800;;;SQUID_INK;SEASHELLS;1927;1
218900;;SUBMISSION;RAINFOREST_RESIN;SEASHELLS;10006;2
219000;SUBMISSION;;KELP;SEASHELLS;2034;1
219000;;SUBMISSION;RAINFOREST_RESIN;SEASHELLS;10001;1
219000;;;SQUID_INK;SEASHELLS;1928;1
219100;SUBMISSION;;RAINFOREST_RESIN;SEASHELLS;9993;4
219200;SUBMISSION;;KELP;SEASHELLS;2034;12
219200;;;SQUID_INK;SEASHELLS;1928;12
219200;;SUBMISSION;RAINFOREST_RESIN;SEASHELLS;10001;1
219300;;SUBMISSION;KELP;SEASHELLS;2035;1
219400;;SUBMISSION;KELP;SEASHELLS;2035;13
219400;;;SQUID_INK;SEASHELLS;1931;13
219500;;SUBMISSION;RAINFOREST_RESIN;SEASHELLS;10006;6
219600;SUBMISSION;;RAINFOREST_RESIN;SEASHELLS;9999;1
219800;;;SQUID_INK;SEASHELLS;1925;1
219800;;SUBMISSION;KELP;SEASHELLS;2035;1
219800;SUBMISSION;;KELP;SEASHELLS;2034;8
220000;SUBMISSION;;SQUID_INK;SEASHELLS;1833;24
220000;;SUBMISSION;RAINFOREST_RESIN;SEASHELLS;10000;3
220000;SUBMISSION;;SQUID_INK;SEASHELLS;1833;2
220100;SUBMISSION;;SQUID_INK;SEASHELLS;1814;1
220200;SUBMISSION;;SQUID_INK;SEASHELLS;1736;23
220200;;;SQUID_INK;SEASHELLS;1736;3
220400;SUBMISSION;;RAINFOREST_RESIN;SEASHELLS;9998;4
220600;;;KELP;SEASHELLS;2033;1
220600;;;SQUID_INK;SEASHELLS;1794;1
220700;;SUBMISSION;RAINFOREST_RESIN;SEASHELLS;10003;7
220800;SUBMISSION;;KELP;SEASHELLS;2033;2
220800;;;SQUID_INK;SEASHELLS;1792;4
220800;;;KELP;SEASHELLS;2033;2
220900;;SUBMISSION;RAINFOREST_RESIN;SEASHELLS;10006;2
221000;;SUBMISSION;KELP;SEASHELLS;2035;2
221000;;;SQUID_INK;SEASHELLS;1811;2
221200;;SUBMISSION;RAINFOREST_RESIN;SEASHELLS;10001;1
221400;;;KELP;SEASHELLS;2034;1
221600;;;SQUID_INK;SEASHELLS;1818;2
221600;SUBMISSION;;KELP;SEASHELLS;2033;2
221600;;SUBMISSION;RAINFOREST_RESIN;SEASHELLS;10001;1
221900;;SUBMISSION;RAINFOREST_RESIN;SEASHELLS;10002;3
222200;;;SQUID_INK;SEASHELLS;1848;4
222200;SUBMISSION;;KELP;SEASHELLS;2033;4
222200;;SUBMISSION;RAINFOREST_RESIN;SEASHELLS;10000;3
222200;;;RAINFOREST_RESIN;SEASHELLS;9999;1
222400;;;SQUID_INK;SEASHELLS;1850;9
222400;;SUBMISSION;KELP;SEASHELLS;2035;9
222500;;SUBMISSION;RAINFOREST_RESIN;SEASHELLS;10001;1
222800;;;SQUID_INK;SEASHELLS;1849;8
222800;SUBMISSION;;KELP;SEASHELLS;2033;8
223000;;;KELP;SEASHELLS;2032;1
223000;;;SQUID_INK;SEASHELLS;1846;1
223100;;;SQUID_INK;SEASHELLS;1847;1
223100;;;KELP;SEASHELLS;2032;1
223200;SUBMISSION;;RAINFOREST_RESIN;SEASHELLS;9999;1
223200;;SUBMISSION;RAINFOREST_RESIN;SEASHELLS;10007;5
223200;;SUBMISSION;RAINFOREST_RESIN;SEASHELLS;10007;2
223400;;SUBMISSION;RAINFOREST_RESIN;SEASHELLS;10002;4
223500;;SUBMISSION;KELP;SEASHELLS;2034;1
223700;;SUBMISSION;KELP;SEASHELLS;2034;3
223800;;;KELP;SEASHELLS;2034;4
223800;;;SQUID_INK;SEASHELLS;1846;4
224200;;;SQUID_INK;SEASHELLS;1836;1
224200;;;KELP;SEASHELLS;2032;1
224400;;;SQUID_INK;SEASHELLS;1850;1
224400;;SUBMISSION;KELP;SEASHELLS;2034;1
224600;;SUBMISSION;RAINFOREST_RESIN;SEASHELLS;10001;1
224900;SUBMISSION;;RAINFOREST_RESIN;SEASHELLS;9999;1
224900;SUBMISSION;;RAINFOREST_RESIN;SEASHELLS;9993;6
225100;;;SQUID_INK;SEASHELLS;1858;1
225100;;;KELP;SEASHELLS;2032;1
225200;SUBMISSION;;KELP;SEASHELLS;2033;2
225200;;;SQUID_INK;SEASHELLS;1859;2
225600;;SUBMISSION;RAINFOREST_RESIN;SEASHELLS;10000;3
226100;;SUBMISSION;RAINFOREST_RESIN;SEASHELLS;10007;4
226200;;;SQUID_INK;SEASHELLS;1871;1
226200;;;KELP;SEASHELLS;2032;1
226300;SUBMISSION;;RAINFOREST_RESIN;SEASHELLS;9993;1
226900;;;SQUID_INK;SEASHELLS;1870;1
226900;SUBMISSION;;RAINFOREST_RESIN;SEASHELLS;9993;6
226900;;;KELP;SEASHELLS;2032;1
227200;SUBMISSION;;KELP;SEASHELLS;2034;1
227200;;;SQUID_INK;SEASHELLS;1872;1
227400;SUBMISSION;;RAINFOREST_RESIN;SEASHELLS;9998;4
227500;SUBMISSION;;RAINFOREST_RESIN;SEASHELLS;9993;2
227700;;SUBMISSION;RAINFOREST_RESIN;SEASHELLS;10002;3
227900;;SUBMISSION;RAINFOREST_RESIN;SEASHELLS;10007;2
228000;SUBMISSION;;RAINFOREST_RESIN;SEASHELLS;9998;4
228000;;SUBMISSION;RAINFOREST_RESIN;SEASHELLS;10007;1
228100;SUBMISSION;;RAINFOREST_RESIN;SEASHELLS;9993;5
228200;;SUBMISSION;KELP;SEASHELLS;2034;3
228400;;SUBMISSION;RAINFOREST_RESIN;SEASHELLS;10000;4
228400;;SUBMISSION;KELP;SEASHELLS;2035;1
228400;SUBMISSION;;KELP;SEASHELLS;2034;2
228400;;;SQUID_INK;SEASHELLS;1869;1
228500;SUBMISSION;;KELP;SEASHELLS;2034;5
228500;;;SQUID_INK;SEASHELLS;1866;5
228700;;SUBMISSION;KELP;SEASHELLS;2035;2
228700;;;SQUID_INK;SEASHELLS;1865;2
228700;;;SQUID_INK;SEASHELLS;1866;12
228700;;SUBMISSION;KELP;SEASHELLS;2035;12
228800;SUBMISSION;;RAINFOREST_RESIN;SEASHELLS;9993;2
229100;;SUBMISSION;RAINFOREST_RESIN;SEASHELLS;10002;3
229400;;SUBMISSION;RAINFOREST_RESIN;SEASHELLS;10001;1
229400;;SUBMISSION;RAINFOREST_RESIN;SEASHELLS;10007;6
229800;;SUBMISSION;KELP;SEASHELLS;2035;1
229800;;SUBMISSION;RAINFOREST_RESIN;SEASHELLS;10007;2
229800;;SUBMISSION;RAINFOREST_RESIN;SEASHELLS;10007;8
229800;;;SQUID_INK;SEASHELLS;1879;1
230000;SUBMISSION;;RAINFOREST_RESIN;SEASHELLS;9993;6
230000;SUBMISSION;;RAINFOREST_RESIN;SEASHELLS;9999;1
230600;SUBMISSION;;RAINFOREST_RESIN;SEASHELLS;9993;1
230900;;;SQUID_INK;SEASHELLS;1874;1
230900;;;KELP;SEASHELLS;2034;1
230900;;SUBMISSION;KELP;SEASHELLS;2035;6
231400;;;KELP;SEASHELLS;2034;1
231400;;;SQUID_INK;SEASHELLS;1875;1
231500;;;KELP;SEASHELLS;2034;1
231500;;;SQUID_INK;SEASHELLS;1874;1
231800;;SUBMISSION;RAINFOREST_RESIN;SEASHELLS;10001;1
231800;SUBMISSION;;KELP;SEASHELLS;2034;3
231800;SUBMISSION;;RAINFOREST_RESIN;SEASHELLS;9993;2
232000;;;SQUID_INK;SEASHELLS;1876;1
232000;;;KELP;SEASHELLS;2033;1
232100;SUBMISSION;;RAINFOREST_RESIN;SEASHELLS;9993;2
232200;;SUBMISSION;RAINFOREST_RESIN;SEASHELLS;10007;2
232500;;;SQUID_INK;SEASHELLS;1875;2
232500;SUBMISSION;;KELP;SEASHELLS;2034;2
232600;;SUBMISSION;KELP;SEASHELLS;2035;1
232700;SUBMISSION;;RAINFOREST_RESIN;SEASHELLS;9999;1
232800;;;SQUID_INK;SEASHELLS;1880;12
232800;;;SQUID_INK;SEASHELLS;1880;1
232800;SUBMISSION;;KELP;SEASHELLS;2034;13
232900;SUBMISSION;;KELP;SEASHELLS;2034;2
233000;;;SQUID_INK;SEASHELLS;1879;1
233000;;;KELP;SEASHELLS;2033;1
233300;;SUBMISSION;KELP;SEASHELLS;2035;2
233300;;;SQUID_INK;SEASHELLS;1892;2
233300;;;SQUID_INK;SEASHELLS;1891;1
233300;;SUBMISSION;KELP;SEASHELLS;2035;1
233500;SUBMISSION;;KELP;SEASHELLS;2034;2
233500;;;KELP;SEASHELLS;2035;1
233500;;;SQUID_INK;SEASHELLS;1891;1
233500;;;SQUID_INK;SEASHELLS;1889;2
233500;;SUBMISSION;RAINFOREST_RESIN;SEASHELLS;10003;10
233800;;SUBMISSION;RAINFOREST_RESIN;SEASHELLS;10007;4
234200;;SUBMISSION;KELP;SEASHELLS;2035;1
234300;;;SQUID_INK;SEASHELLS;1883;1
234300;SUBMISSION;;KELP;SEASHELLS;2034;1
234400;;SUBMISSION;RAINFOREST_RESIN;SEASHELLS;10002;4
234400;SUBMISSION;;KELP;SEASHELLS;2034;1
234400;;SUBMISSION;KELP;SEASHELLS;2035;1
234400;;;SQUID_INK;SEASHELLS;1884;1
234900;;;SQUID_INK;SEASHELLS;1888;1
234900;;;KELP;SEASHELLS;2033;1
235200;SUBMISSION;;RAINFOREST_RESIN;SEASHELLS;9994;4
235200;;;KELP;SEASHELLS;2033;1
235200;;;SQUID_INK;SEASHELLS;1891;1
235300;;;SQUID_INK;SEASHELLS;1893;1
235300;;SUBMISSION;KELP;SEASHELLS;2035;1
235400;;;SQUID_INK;SEASHELLS;1895;1
235400;;;KELP;SEASHELLS;2033;1
235700;;SUBMISSION;RAINFOREST_RESIN;SEASHELLS;10003;8
235800;;SUBMISSION;RAINFOREST_RESIN;SEASHELLS;10001;1
236000;SUBMISSION;;RAINFOREST_RESIN;SEASHELLS;9994;5
236200;;;SQUID_INK;SEASHELLS;1892;4
236200;SUBMISSION;;KELP;SEASHELLS;2034;4
236300;SUBMISSION;;RAINFOREST_RESIN;SEASHELLS;9999;1
236400;SUBMISSION;;RAINFOREST_RESIN;SEASHELLS;9994;6
236400;SUBMISSION;;RAINFOREST_RESIN;SEASHELLS;9998;4
236500;;;SQUID_INK;SEASHELLS;1895;1
236500;SUBMISSION;;KELP;SEASHELLS;2033;1
236500;SUBMISSION;;RAINFOREST_RESIN;SEASHELLS;9998;3
236700;SUBMISSION;;RAINFOREST_RESIN;SEASHELLS;9999;1
237000;;SUBMISSION;RAINFOREST_RESIN;SEASHELLS;10001;1
237000;SUBMISSION;;RAINFOREST_RESIN;SEASHELLS;9993;6
237100;;SUBMISSION;KELP;SEASHELLS;2035;2
237100;;;SQUID_INK;SEASHELLS;1901;2
237200;;SUBMISSION;RAINFOREST_RESIN;SEASHELLS;10001;1
237300;SUBMISSION;;RAINFOREST_RESIN;SEASHELLS;9993;2
237300;;SUBMISSION;RAINFOREST_RESIN;SEASHELLS;10001;1
237500;SUBMISSION;;KELP;SEASHELLS;2033;1
237500;;;SQUID_INK;SEASHELLS;1893;1
237600;;SUBMISSION;KELP;SEASHELLS;2034;5
237700;;;SQUID_INK;SEASHELLS;1888;1
237700;SUBMISSION;;KELP;SEASHELLS;2033;1
238100;;SUBMISSION;RAINFOREST_RESIN;SEASHELLS;10002;5
238300;;;KELP;SEASHELLS;2032;1
238300;;;SQUID_INK;SEASHELLS;1888;1
238400;SUBMISSION;;RAINFOREST_RESIN;SEASHELLS;9993;4
238600;;;KELP;SEASHELLS;2034;3
238600;;;SQUID_INK;SEASHELLS;1891;3
238700;SUBMISSION;;RAINFOREST_RESIN;SEASHELLS;9997;10
238800;;SUBMISSION;KELP;SEASHELLS;2035;10
238800;;;SQUID_INK;SEASHELLS;1887;1
238800;;SUBMISSION;KELP;SEASHELLS;2034;9
238800;;SUBMISSION;KELP;SEASHELLS;2034;5
238800;;;KELP;SEASHELLS;2033;1
238800;;SUBMISSION;KELP;SEASHELLS;2035;2
238800;;;SQUID_INK;SEASHELLS;1890;2
238800;;;SQUID_INK;SEASHELLS;1890;10
239000;;SUBMISSION;KELP;SEASHELLS;2035;1
239200;;;KELP;SEASHELLS;2033;1
239200;;;SQUID_INK;SEASHELLS;1890;1
239300;;SUBMISSION;KELP;SEASHELLS;2034;5
239400;;;KELP;SEASHELLS;2033;1
239400;SUBMISSION;;KELP;SEASHELLS;2033;1
239400;;;SQUID_INK;SEASHELLS;1891;1
239400;;SUBMISSION;RAINFOREST_RESIN;SEASHELLS;10001;1
239600;;SUBMISSION;RAINFOREST_RESIN;SEASHELLS;10001;1
239800;;SUBMISSION;KELP;SEASHELLS;2035;1
240000;;SUBMISSION;RAINFOREST_RESIN;SEASHELLS;10000;5
240600;;;SQUID_INK;SEASHELLS;1888;1
240600;SUBMISSION;;KELP;SEASHELLS;2033;1
240800;;;SQUID_INK;SEASHELLS;1890;10
240800;SUBMISSION;;KELP;SEASHELLS;2033;10
240900;;;SQUID_INK;SEASHELLS;1885;6
240900;;;KELP;SEASHELLS;2033;2
240900;SUBMISSION;;KELP;SEASHELLS;2033;4
241000;;SUBMISSION;RAINFOREST_RESIN;SEASHELLS;10000;2
241100;;SUBMISSION;RAINFOREST_RESIN;SEASHELLS;10007;8
241200;SUBMISSION;;RAINFOREST_RESIN;SEASHELLS;9999;1
241200;;SUBMISSION;KELP;SEASHELLS;2035;1
241300;;;SQUID_INK;SEASHELLS;1887;1
241300;;;KELP;SEASHELLS;2033;2
241300;;;SQUID_INK;SEASHELLS;1888;2
241300;;;KELP;SEASHELLS;2033;1
241700;;;SQUID_INK;SEASHELLS;1884;1
241700;SUBMISSION;;RAINFOREST_RESIN;SEASHELLS;9998;5
241700;SUBMISSION;;KELP;SEASHELLS;2034;1
241900;;SUBMISSION;RAINFOREST_RESIN;SEASHELLS;10001;1
241900;;;SQUID_INK;SEASHELLS;1885;1
241900;;;KELP;SEASHELLS;2035;1
242300;SUBMISSION;;RAINFOREST_RESIN;SEASHELLS;9999;1
242300;;SUBMISSION;KELP;SEASHELLS;2035;1
242700;;;SQUID_INK;SEASHELLS;1879;2
242700;SUBMISSION;;KELP;SEASHELLS;2034;2
242800;;;SQUID_INK;SEASHELLS;1879;3
242800;;;KELP;SEASHELLS;2033;3
242900;SUBMISSION;;KELP;SEASHELLS;2034;2
242900;;;SQUID_INK;SEASHELLS;1882;1
242900;;;KELP;SEASHELLS;2035;1
243000;;;SQUID_INK;SEASHELLS;1881;2
243000;;;SQUID_INK;SEASHELLS;1881;1
243000;SUBMISSION;;KELP;SEASHELLS;2034;2
243000;;;KELP;SEASHELLS;2033;1
243100;;;SQUID_INK;SEASHELLS;1881;1
243100;;;KELP;SEASHELLS;2033;1
243400;;;SQUID_INK;SEASHELLS;1886;1
243400;;;KELP;SEASHELLS;2035;1
243600;;SUBMISSION;RAINFOREST_RESIN;SEASHELLS;10001;1
243600;;SUBMISSION;RAINFOREST_RESIN;SEASHELLS;10007;5
243800;SUBMISSION;;RAINFOREST_RESIN;SEASHELLS;9993;6
243900;;SUBMISSION;RAINFOREST_RESIN;SEASHELLS;10001;1
243900;;SUBMISSION;KELP;SEASHELLS;2034;2
244200;;SUBMISSION;KELP;SEASHELLS;2035;12
244200;;;SQUID_INK;SEASHELLS;1887;12
244400;;SUBMISSION;KELP;SEASHELLS;2035;2
244400;;;SQUID_INK;SEASHELLS;1888;2
244500;;SUBMISSION;RAINFOREST_RESIN;SEASHELLS;10001;1
244600;;SUBMISSION;KELP;SEASHELLS;2035;1
244600;;;SQUID_INK;SEASHELLS;1890;1
244800;;;SQUID_INK;SEASHELLS;1891;1
244800;SUBMISSION;;KELP;SEASHELLS;2034;2
244800;;SUBMISSION;KELP;SEASHELLS;2035;1
244900;;;SQUID_INK;SEASHELLS;1891;1
244900;;;SQUID_INK;SEASHELLS;1893;12
244900;;SUBMISSION;KELP;SEASHELLS;2035;1
244900;;SUBMISSION;KELP;SEASHELLS;2035;12
244900;SUBMISSION;;KELP;SEASHELLS;2034;2
245100;;;SQUID_INK;SEASHELLS;1889;1
245100;;;KELP;SEASHELLS;2033;1
245200;;SUBMISSION;RAINFOREST_RESIN;SEASHELLS;10002;5
245300;;;KELP;SEASHELLS;2033;9
245300;SUBMISSION;;KELP;SEASHELLS;2034;2
245300;;;SQUID_INK;SEASHELLS;1889;9
245300;SUBMISSION;;RAINFOREST_RESIN;SEASHELLS;9993;4
245500;;SUBMISSION;KELP;SEASHELLS;2035;1
245600;;;SQUID_INK;SEASHELLS;1892;1
245600;;SUBMISSION;KELP;SEASHELLS;2035;1
245700;;SUBMISSION;KELP;SEASHELLS;2035;3
245700;SUBMISSION;;RAINFOREST_RESIN;SEASHELLS;10000;2
245800;;;KELP;SEASHELLS;2035;1
245800;;;SQUID_INK;SEASHELLS;1896;1
245800;SUBMISSION;;RAINFOREST_RESIN;SEASHELLS;9993;6
245800;;;SQUID_INK;SEASHELLS;1896;2
245800;;SUBMISSION;KELP;SEASHELLS;2035;2
245900;;;KELP;SEASHELLS;2035;1
245900;;;SQUID_INK;SEASHELLS;1896;1
245900;SUBMISSION;;KELP;SEASHELLS;2034;1
246000;;;KELP;SEASHELLS;2035;1
246000;;SUBMISSION;RAINFOREST_RESIN;SEASHELLS;10001;1
246000;SUBMISSION;;KELP;SEASHELLS;2034;2
246000;;;SQUID_INK;SEASHELLS;1894;2
246000;;;SQUID_INK;SEASHELLS;1895;1
246200;SUBMISSION;;KELP;SEASHELLS;2034;15
246200;;SUBMISSION;RAINFOREST_RESIN;SEASHELLS;10002;4
246200;;;SQUID_INK;SEASHELLS;1888;15
246400;;SUBMISSION;KELP;SEASHELLS;2035;1
246500;SUBMISSION;;RAINFOREST_RESIN;SEASHELLS;9993;1
